3184 5078
273 455 312 516 54
587 453 615 516 I.
649 459 677 514 1.
724 470 865 520 munros
881 471 904 514 rt
921 470 1119 514 nrnnsntcs.

273 623 490 708 praedicatum
515 623 595 704 est),
623 619 856 703 apredobimme
882 619 982 704 (quod
1012 616 1263 704 praedicamm),
1291 617 1444 682 martiar

275 729 344 814 (qui
366 730 521 810 amatur),
546 726 666 790 aetnae
688 727 788 809 (quod
808 726 974 810 patimur).
1014 724 1171 808 Exempla
1192 724 1271 787 haec
1293 722 1391 786 citata
1412 733 1446 786 et

275 835 338 898 alia
352 836 412 899 sub
426 831 624 918 pronomine.

361 945 391 1024 c)
415 938 668 1022 Praepositiones
683 939 735 1000 IN
750 937 825 1021 (in),
844 937 935 1001 CON
952 939 1065 1020 (oum),
1083 937 1178 999 BEN
1195 939 1309 1019 (ante),
1328 935 1444 998 IARN

276 1049 375 1131 (post)
391 1047 502 1110 eodem
522 1046 616 1107 modo
631 1043 807 1121 habentur,
832 1053 870 1106 ut
884 1043 1000 1106 docent
1013 1043 1160 1124 exempla
1174 1041 1444 1125 frequentissima.

275 1153 402 1218 Videsis
417 1151 453 1216 in
467 1151 571 1235 capite
585 1152 624 1213 de
638 1148 935 1234 praepositionibus.

361 1258 397 1340 ol)
419 1255 612 1340 Conjunctio
626 1256 752 1318 ARAN
769 1256 851 1338 (ut):
877 1263 1084 1336 aronepertar
1108 1255 1160 1337 (ut
1174 1251 1313 1334 dicatu)
1321 1297 1331 1329 ,
1348 1273 1448 1314 aran-

277 1363 414 1428 demaid
427 1365 479 1444 (ut
493 1360 647 1442 facietis),
665 1369 828 1424 aratortar
844 1361 894 1441 (ut
909 1361 1089 1442 offeratur),
1112 1356 1380 1422 aracomolnither
1395 1359 1450 1439 (ut

279 1469 474 1554 impleatur),
492 1467 744 1531 arosccbemmor
755 1467 807 1547 (ut
821 1470 1016 1549 sequamur),
1031 1475 1064 1527 et
1077 1463 1139 1528 alia
1153 1463 1300 1547 exempla
1314 1465 1373 1526 sub
1388 1463 1452 1526 hac

277 1573 512 1658 conjunctione.

363 1683 393 1762 a)
415 1679 560 1742 Eandem
590 1677 733 1760 regulam
765 1687 943 1760 sequuntur
972 1675 1149 1738 numeralia
1174 1673 1338 1739 hibernica
1362 1675 1445 1752 VII,

280 1787 367 1850 VIII
388 1785 423 1847 in
444 1783 495 1845 his
510 1781 681 1866 exemplis:
706 1781 733 1845 it
749 1783 836 1846 recht
856 1782 951 1846 nocht
965 1781 1022 1864 (gl.
1041 1781 1156 1864 septies
1172 1781 1291 1864 octoni)
1307 1781 1361 1844 Cr.
1381 1784 1448 1844 33².

282 1889 443 1954 octddelbe
460 1896 475 1950 7
494 1888 635 1972 octapne'
650 1887 708 1970 (gl.
723 1886 841 1950 formae
856 1889 940 1969 octo)
958 1886 1110 1970 Sg.1oo⁸.
1129 1887 1228 1950 Deest
1242 1886 1363 1969 liquida
1374 1896 1451 1949 ante
1588 1843 1589 1874 ἶ

281 2007 428 2058 tenuem:
453 1993 481 2056 tt
501 1993 588 2057 secht
604 1993 653 2055 ce't
667 1992 722 2076 (gl.
742 1992 858 2076 septies
873 1991 1014 2074 centeni)
1030 1993 1084 2056 Cr.
1103 1997 1166 2054 42⁰.
1199 1992 1364 2054 Deficiunt
1378 1990 1450 2074 qui·

279 2102 353 2164 dem
374 2121 391 2162 e
412 2097 490 2161 meis
513 2097 673 2161 codicibus
689 2099 833 2182 exempla
848 2107 973 2160 vetusta
986 2118 1193 2160 numerorum
1207 2099 1261 2160 IX
1277 2108 1309 2160 et
1324 2098 1359 2159 X
1372 2117 1450 2159 cum

279 2204 485 2288 sequentibus
500 2203 661 2266 vocalibus
677 2215 709 2266 et
722 2203 852 2280 mediis,
872 2205 928 2266 sed
941 2224 1016 2265 cum
1030 2202 1066 2264 in
1080 2201 1234 2265 hodierna
1248 2202 1361 2285 lingua
1374 2202 1449 2264 infi-

279 2310 405 2374 ciantur
425 2309 535 2394 eclipsi
556 2309 658 2372 nasali
675 2331 832 2372 consonae
847 2308 942 2371 ctiam
956 2317 1030 2391 post
1043 2307 1102 2370 hos
1118 2309 1160 2390 (e.
1178 2329 1226 2390 gr.
1244 2307 1300 2370 noi
1309 2329 1446 2391 pensa,

279 2415 371 2479 deick
383 2436 520 2499 pocta,
538 2435 653 2478 novem
667 2416 781 2498 pedes,
798 2415 907 2491 decern
921 2413 1035 2497 pedes,
1055 2423 1094 2475 ut
1107 2411 1195 2476 secti
1205 2433 1248 2496 p·
1258 2435 1351 2490 cosa,
1376 2412 1452 2477 colet
1587 2447 1589 2456 2

277 2525 401 2604 pecco)
408 2567 417 2596 ,
444 2521 631 2583 statuendae
653 2531 730 2583 sunt
744 2520 862 2582 formae
877 2518 1065 2582 vetustiores
1080 2538 1286 2582 numerorum
1300 2519 1452 2582 vll-x

281 2625 419 2700 sechten,
437 2625 557 2702 oolam,
575 2625 661 2702 noia,
681 2625 809 2701 declara,
827 2634 865 2687 ut
879 2647 998 2688 sanscr.
1015 2633 1141 2706 septen,
1159 2623 1302 2701 moleton,
1320 2647 1449 2702 nowen,

283 2731 396 2807 desan,
414 2741 451 2793 ut
465 2729 522 2793 lat.
540 2739 667 2813 septen,
690 2751 809 2808 novem,
827 2731 943 2794 decern.

367 2843 397 2898 3.
421 2837 642 2900 Condensatae
672 2860 695 2901 n
721 2836 860 2920 liquidae
885 2847 963 2900 sunt
990 2834 1100 2898 obviae
1126 2835 1245 2898 formae
1272 2837 1357 2914 NN,
1382 2836 1451 2900 ND
1588 2873 1589 2916 t

280 2951 312 3005 οἵ
326 2942 480 3110 N'i'orma
501 3047 663 3130 duplicata
676 3048 708 3112 Ν
711 3049 743 3112 Ν
764 3047 800 3111 in
820 3047 954 3111 articulo
974 3047 1099 3131 generis
1119 3047 1290 3111 masculini
1312 3059 1345 3111 et
1359 3047 1452 3110 femi-

283 3152 355 3216 nini
375 3152 410 3215 in
433 3152 604 3235 singularis
625 3173 701 3215 casu
721 3153 900 3216 accusativo
919 3164 994 3216 onte
1015 3153 1139 3217 vocales
1159 3153 1332 3245 obviaest,
1358 3153 1452 3237 cujus

282 3257 429 3340 exempla
444 3257 527 3320 infra
542 3258 601 3320 sub
616 3257 760 3320 articulo.

366 3363 480 3424 Forma
493 3363 527 3425 N
528 3363 560 3424 D
574 3361 610 3425 in
624 3361 729 3424 media
742 3383 818 3424 voce
836 3363 1022 3446 praesertim
1042 3365 1226 3428 observatur
1240 3363 1275 3428 in
1289 3363 1451 3449 praeposi·

282 3467 368 3530 tione
383 3465 417 3529 in
433 3467 626 3530 coalescente
642 3489 715 3530 cum
728 3469 970 3550 pronominibus
986 3469 1121 3547 suffixis
1136 3481 1206 3533 tum
1221 3469 1361 3553 quidem,
1375 3491 1453 3534 cum
1480 3549 1483 3556 ,

280 3570 476 3636 construitur
500 3593 574 3634 cum
595 3572 700 3636 dativo
721 3573 904 3656 (ablativo),
928 3595 956 3637 e.
974 3597 1022 3657 gr.
1044 3575 1187 3652 indiam,
1212 3575 1376 3640 iudicasse
1401 3575 1424 3658 ('

280 3679 357 3759 me),
376 3675 523 3754 indicano,
541 3677 694 3741 inditam·
707 3678 754 3760 (in
770 3677 895 3761 nobis),
914 3680 999 3744 indit
1013 3681 1061 3762 (in
1077 3683 1142 3762 te),
1160 3681 1250 3744 indit
1267 3679 1316 3763 (in
1332 3681 1449 3762 vobis),

280 3782 375 3846 indid
388 3781 435 3864 (in
451 3785 519 3864 eo),
538 3782 610 3846 indi
623 3783 671 3866 (in
687 3788 754 3866 eo),
772 3785 861 3848 indit
877 3785 926 3868 (in
941 3785 1004 3862 eis;
1030 3787 1070 3849 cs.
1091 3807 1206 3870 pronn.
1224 3807 1308 3870 pers.
1327 3787 1400 3849 suff.
1418 3797 1454 3849 et

279 3909 423 3972 praepos
441 3887 529 3970 in).*
553 3889 605 3952 Fit
619 3891 704 3954 idem
718 3890 753 3952 in
767 3891 832 3952 fine
847 3890 883 3954 in
897 3891 1023 3954 articuli
1037 3889 1138 3954 forma
1153 3889 1222 3967 tad,
1239 3893 1326 3974 quod
1341 3902 1452 3954 tamen

279 3993 364 4058 idem
384 4004 432 4058 est
446 4016 483 4058 ac
498 3993 525 4057 si
540 3995 582 4058 sit
596 3995 737 4058 medium
751 3995 853 4072 vocis,
878 4017 952 4058 cum
966 3997 1118 4060 articulus
1133 3997 1290 4060 coalescat
1303 4018 1379 4060 cum
1391 4017 1452 4060 suo

279 4099 489 4163 substantivo.
534 4101 670 4184 Supplet
694 4112 802 4164 sutem
828 4100 907 4164 haee
931 4099 1057 4164 arficuli
1082 4103 1182 4165 sonna
1209 4101 1448 4185 aspirationem,

279 4216 353 4269 ante
369 4227 469 4280 sonos,
477 4205 580 4282 obvia,
598 4204 654 4288 qui
668 4204 869 4289 aspirationis
884 4227 950 4270 non
966 4217 1031 4272 tam
1046 4227 1175 4290 capuces
1191 4218 1279 4284 sunt,
1298 4218 1336 4270 ut
1351 4227 1381 4270 e.
1398 4229 1448 4290 gr.

347 4458 360 4484 ⁰
379 4457 456 4516 Quae
476 4457 576 4510 formae
595 4455 838 4512 commonefaciunt
849 4457 950 4511 latinae
967 4465 1089 4512 vetustae
1103 4459 1168 4512 iada
1180 4477 1229 4531 pro
1242 4459 1289 4513 in:
1303 4457 1368 4513 indo
1380 4460 1456 4512 mari
1587 4469 1589 4486 ⁴

278 4543 361 4607 Eun..
376 4542 523 4611 iudupeds'o,
538 4542 713 4611 induperator
723 4541 811 4596 Lucil.
825 4567 860 4586 -ε
872 4541 999 4613 impedio,
1013 4543 1169 4615 imperator.
