3104 5078
295 393 357 457 200
401 395 431 458 Ι.
452 399 482 456 2.
525 413 747 460 consonnnou
765 411 1027 460 urseanrcnnou
1044 411 1284 458 rsonosnmuu
1299 415 1443 460 nostrus.

381 563 419 626 C.
452 561 632 626 Infeotio
657 563 817 628 nasalis
842 563 878 627 in
898 572 1024 626 vetusta
1044 561 1155 645 lingua
1169 562 1330 627 hibernica
1344 563 1446 628 inme

296 667 349 732 dio
371 677 404 731 et
425 669 490 731 fine
515 689 630 732 vocum
656 668 853 732 solummodo
881 667 988 744 obvia,
1017 667 1197 732 infectio
1222 669 1446 734 destituens

296 774 398 837 eidem
419 773 550 838 omnino
570 773 680 857 ignota
701 783 760 836 est.
793 775 835 837 In
857 771 1010 836 hodierna
1029 773 1158 836 demum
1172 773 1284 862 lingua
1298 775 1447 839 hibernica

295 878 425 942 infectio
447 889 581 962 utraque
603 900 669 942 non
690 879 794 942 solum
814 877 849 942 in
863 879 968 941 medio
983 888 1016 942 ct
1029 880 1094 941 fine
1108 877 1232 942 obtinet
1246 879 1385 960 (infectio
1397 902 1447 943 na·

295 983 370 1048 salis
385 1005 418 1067 p.
439 991 490 1060 74,
508 984 683 1048 destituens
699 1005 732 1067 p.
752 987 823 1066 87),
842 983 1009 1048 sedetiam
1030 983 1065 1047 in
1079 983 1172 1048 initio
1187 1006 1312 1062 vocum,
1329 985 1448 1048 dicitu
1510 967 1513 978 ¹

296 1109 358 1172 que
369 1087 524 1152 inchoans
535 1089 613 1152 haec
625 1099 758 1171 utraque
770 1088 932 1151 communi
942 1089 1096 1153 vocabulo
1110 1090 1273 1173 eclipsis
1285 1092 1325 1154 ab
1335 1089 1447 1153 hodier-

295 1193 346 1257 nis
368 1193 582 1276 grammaticis
605 1196 651 1277 (p.
672 1197 737 1276 76).
770 1193 823 1256 Fit
844 1205 952 1258 autem
971 1195 1096 1278 eclipsis
1114 1207 1187 1279 post
1206 1195 1393 1280 pronomina
1405 1195 1448 1260 vel

295 1299 467 1384 particulas
490 1298 672 1363 terminatas
692 1299 732 1362 ab
746 1321 780 1375 a,
798 1319 879 1381 quae
894 1299 928 1362 in
943 1310 1070 1363 vetusta
1083 1300 1195 1383 lingua
1209 1311 1337 1364 servant
1349 1323 1371 1364 a
1384 1311 1448 1363 ante

296 1405 418 1468 vocales
434 1415 466 1468 et
480 1405 611 1481 medias,
625 1405 681 1468 sed
692 1403 847 1486 abjiciunt
857 1415 932 1468 ante
944 1415 1067 1484 tenues,
1081 1406 1180 1490 sets
1187 1407 1234 1488 (p.
1247 1412 1300 1468 53.
1311 1407 1376 1489 54),
1389 1405 1447 1489 qui·

296 1511 356 1573 bus
377 1509 507 1573 voculae
529 1511 684 1593 quaedam
703 1531 823 1594 paucae
843 1511 1015 1586 accedunt,
1037 1531 1172 1594 quarum
1192 1531 1261 1574 non
1282 1521 1331 1574 est
1351 1511 1448 1574 eadem

295 1614 443 1700 primitus
463 1616 649 1699 proprietas.
681 1616 740 1680 Est
754 1615 932 1679 accuratius
947 1615 1090 1699 inspecta
1105 1615 1235 1698 duplex,
1253 1615 1372 1679 scilieet
1384 1613 1447 1678 ecli-

295 1719 362 1804 psis
376 1719 564 1796 mediarum,
578 1741 659 1802 quae
674 1719 890 1783 assimilantur
904 1719 1164 1804 pronuntiatione
1178 1719 1378 1804 praecedenti
1390 1741 1410 1784 a
1420 1717 1447 1802 (l

295 1823 497 1909 praecedenti
515 1825 577 1906 m),
601 1833 697 1906 atque
717 1823 843 1908 eclipsis
866 1824 1029 1902 tenuium,
1054 1847 1135 1908 quae
1159 1836 1232 1910 post
1252 1844 1447 1889 excussamn

295 1927 556 2014 pronuntiatione
578 1927 797 1992 destituuntur
812 1932 938 2012 (eodem
958 1931 1053 1994 modo
1073 1941 1111 1996 ut
1125 1931 1160 1995 in
1175 1935 1239 1996 fine
1254 1931 1292 1994 in
1306 1929 1391 2006 caud,
1406 1926 1446 1990 hi-

295 2033 385 2096 bam.
402 2043 466 2095 vet.
485 2035 533 2096 crit
602 2041 681 2109 cent,
699 2043 829 2098 centum
835 2059 845 2112 3
867 2035 902 2099 iu
916 2037 1020 2100 medio
1034 2049 1107 2121 post
1120 2058 1140 2100 r
1153 2037 1188 2100 in
1201 2037 1325 2102 eartad
1336 2067 1377 2088 =
1390 2053 1446 2096 car·

296 2141 456 2223 pentum).
472 2137 837 2204 Prioremideodicimus
853 2141 1033 2226 eclipsin
1047 2143 1244 2220 nasalem‚
1254 2139 1446 2228 posteriorem

297 2245 364 2308 des
374 2243 405 2308 ti
414 2254 512 2308 tuen
521 2253 609 2320 tem,
624 2243 652 2306 si
666 2243 814 2308 volumus
825 2245 960 2310 retinere
972 2247 1264 2312 denominationem
1276 2255 1446 2311 consuetam
1524 2277 1525 2286 2

295 2349 520 2434 grammaticis.
553 2348 685 2433 Proprie
705 2349 752 2413 nil
772 2361 821 2414 est
840 2351 904 2415 nisi
925 2351 1054 2417 infectio
1074 2352 1192 2418 nasalis
1211 2352 1264 2415 vel
1285 2351 1446 2416 destituens
1524 2335 1525 2388 ἶ

295 2453 331 2518 in
345 2453 438 2518 initio
453 2477 577 2520 vocum.

382 2566 411 2624 1.
436 2561 619 2646 Eolipsis
645 2562 808 2627 nasalis.
840 2563 1032 2629 Scribuntur
1053 2563 1182 2648 quidem
1202 2561 1443 2634 adhucmediae,
1522 2551 1524 2586 ²

294 2668 350 2730 sed
374 2688 441 2730 non
472 2667 740 2751 pronuntiantur,
764 2668 787 2732 i.
812 2689 841 2732 e.
869 2669 1087 2733 assimilantur
1116 2668 1320 2754 praecedenti
1344 2663 1443 2730 nasali.

295 2771 432 2856 Scriptio
452 2771 605 2836 hodierna
625 2772 706 2836 miro
727 2775 821 2838 modo
842 2776 919 2858 (quo
940 2785 1046 2838 tamen
1063 2774 1195 2852 infectio
1209 2755 1329 2838 nasalis
1343 2770 1446 2836 malia-

294 2899 366 2941 rum
380 2877 601 2942 inchoantium
615 2878 711 2942 simul
733 2901 807 2942 cum
820 2879 1011 2963 etymologia
1025 2879 1197 2963 indicatur)
1212 2879 1355 2944 nasalem
1368 2899 1386 2940 a
1399 2895 1447 2938 sm

293 3005 369 3047 voce
392 2995 516 3068 separat
535 2995 631 3067 atque
654 2983 776 3047 mediae
797 2985 1011 3048 obscurandae
1030 2985 1192 3068 praefig't:
1217 3005 1258 3048 ar
1279 2985 1394 3058 mdrdn,
1409 2980 1446 3042 le·

292 3091 434 3173 gendum
450 3110 520 3153 om
535 3094 593 3154 ron
608 3091 665 3171 (ε
679 3111 750 3154 orm
765 3091 881 3171 sarda),
895 3111 952 3174 pro
967 3109 1038 3152 orm
1054 3090 1130 3153 bron
1146 3091 1235 3172 (cura
1249 3091 1386 3170 nostra);
1404 3083 1447 3146 iot

293 3195 475 3271 nde'anodh,
493 3195 664 3278 legendum
679 3195 752 3259 iarn
773 3193 898 3259 bamb
920 3197 978 3276 (ει
991 3193 1065 3258 iarn
1079 3197 1165 3270 aba„
1183 3196 1208 3257 d
1221 3205 1346 3258 mutata
1360 3192 1443 3270 ina),

292 3323 350 3386 pro
371 3299 445 3364 iam
467 3299 615 3364 de'anadt
637 3302 723 3383 (post
745 3300 890 3382 factum).
923 3299 989 3363 Alii
1003 3310 1076 3383 post
1090 3299 1231 3362 nasalem
1245 3297 1393 3362 lineolam
1405 3293 1445 3356 in·
1521 3347 1522 3393 p

293 3415 481 3489 terponunt:
505 3427 545 3468 ar
563 3405 775 3470 rra-buochaill
793 3406 886 3488 (puer
901 3407 1033 3488 noster),
1050 3426 1090 3467 or
1108 3403 1201 3468 mdia
1217 3405 1311 3486 (deus
1326 3401 1442 3480 noster).

292 3511 376 3572 Item
397 3509 477 3573 tter
497 3510 721 3594 opitulabitur
743 3508 872 3593 n-qriais
894 3509 1086 3592 (periculum
1107 3512 1262 3591 vestrum)
1278 3531 1336 3594 pro
1357 3506 1444 3570 llam

289 3614 405 3700 patcia-
428 3615 483 3677 sed
505 3625 542 3676 ut
563 3613 596 3676 in
618 3625 744 3678 vetusta
759 3614 871 3697 lingua
885 3613 1136 3699 combinationp
1150 3623 1294 3677 servatur
1308 3613 1342 3676 in
1355 3607 1444 3675 medio

290 3731 323 3783 et
342 3721 407 3782 fine
429 3740 553 3796 vocum,
572 3719 669 3783 etiam
690 3719 724 3782 in
744 3720 898 3782 hodierna
918 3719 1177 3803 pronuntiatione
1195 3741 1218 3802 9
1238 3717 1372 3782 anasali
1390 3733 1443 3777 non

291 3826 477 3889 obscuratur
497 3823 639 3901 omnino,
664 3826 720 3888 sed
739 3825 847 3901 habet,
870 3834 908 3887 ut
927 3823 1039 3888 dicunt
1059 3823 1268 3907 grammatici,
1292 3819 1443 3887 dimidium

289 3951 416 3996 sonum.

378 4041 408 4099 2.
439 4035 622 4120 Eolipsis
649 4035 899 4099 destituens.
940 4033 1069 4099 Nasalis
1096 4033 1211 4098 liniens
1240 4024 1441 4117 praecedentis
1518 4105 1519 4122 χ

287 4141 373 4206 vocis
389 4141 549 4206 excutitur
569 4151 643 4204 ante
665 4151 787 4218 tenues,
806 4139 893 4204 utin
914 4150 1040 4203 vetusta
1060 4139 1188 4222 lingua3
1206 4151 1318 4202 tenues
1333 4145 1438 4204 autem,
1518 4137 1519 4156 ¹

288 4268 367 4312 sono
393 4245 547 4310 destituto
572 4245 846 4329 pronuntiandae,
870 4245 1035 4308 scribendo
1061 4256 1228 4307 servantur
1253 4263 1351 4325 aeque
1373 4235 1441 4302 miro

288 4352 382 4416 modo
398 4353 475 4432 (quo
492 4361 598 4414 tamsn
614 4347 779 4414 destitutio
795 4349 942 4414 terrarium
956 4349 1140 4433 indicatur),
1155 4350 1276 4432 positae
1287 4337 1440 4412 scilicetin

286 4454 456 4536 originaria
469 4455 570 4518 forma
591 4465 664 4537 post
679 4454 876 4520 destitutam.
909 4453 1058 4538 Exempli
1073 4453 1175 4538 gratia
1189 4445 1439 4536 pererrantur)
