3204 5084
254 381 298 440 VI
740 399 937 444 rasarsrro.

255 548 383 644 natio).
432 549 691 622 vetustissima
714 557 839 622 autem
870 559 925 624 est
948 552 1050 624 haud
1077 552 1191 624 dubie
1216 551 1426 626 differentia

257 685 469 762 sonorump
487 673 525 738 et
542 689 572 749 c,
594 675 633 740 et
649 669 793 740 obtinet
816 669 858 740 in
877 669 1029 742 diversis
1046 667 1185 764 linguis
1201 671 1418 764 antiquitus,

256 805 290 854 e.
313 807 369 877 gr.
396 782 437 854 in
454 783 521 854 lat.
542 795 709 879 qwtuor,
739 784 872 856 lituan.
902 787 1064 870 lecturas,
1102 795 1140 858 et
1166 811 1283 881 germ.
1303 790 1426 888 fidvor

261 899 324 994 (z
331 899 487 997 potuer),
509 900 575 972 lat.
590 905 743 998 quiaque
763 901 826 998 (z
840 902 962 999 duce),
984 903 1130 976 hibern.
1147 909 1230 987 edic,
1253 915 1291 979 et
1304 929 1421 1002 gem.

247 1024 344 1125 fimf
356 1024 419 1120 (τ’-’-
429 1021 575 1119 amr-l·

360 1142 396 1212 2.
418 1139 599 1211 Sonorum
610 1140 741 1210 cadem
752 1136 1425 1234 progressioinlinguabritannicaat

258 1259 389 1353 quein
406 1257 540 1352 gallica
557 1258 671 1330 etiam
686 1253 883 1338 romanica,
905 1263 1080 1348 operante
1097 1256 1256 1351 amplius
1274 1258 1424 1354 linguae

258 1377 413 1472 gallicae
436 1375 606 1470 ingenio,
634 1395 748 1466 quam
771 1373 1060 1467 progressionem
1083 1375 1200 1446 nescit
1216 1375 1347 1471 lingua
1367 1376 1427 1446 hi-

258 1495 420 1574 bernica,
437 1517 471 1564 e.
491 1515 546 1586 gr.
566 1497 816 1562 transeuntem
830 1513 851 1561 o
866 1488 965 1561 velw
977 1491 1018 1562 in
1024 1514 1089 1586 pa,
1102 1492 1374 1588 qwbritannice
1386 1500 1426 1564 et

258 1613 299 1684 in
315 1611 466 1684 vocibus
484 1607 626 1704 gallicis
641 1607 857 1690 romanicis,
888 1628 984 1698 quae
1007 1608 1197 1680 hiberniae
1214 1610 1258 1680 fit
1265 1607 1304 1706 s,
1333 1609 1426 1681 item

258 1729 495 1823 praemissam
513 1725 694 1797 cambrice
712 1727 738 1806 i,
750 1747 790 1818 y,
813 1747 843 1805 e,
865 1731 909 1795 ut
925 1749 943 1796 e
959 1725 1092 1820 gallice
1109 1733 1195 1798 ante
1212 1727 1426 1821 conjunctas

257 1869 313 1943 sp,
334 1855 379 1927 st,
401 1868 451 1916 sc.
497 1842 699 1914 Destitutio
716 1840 940 1925 mediarum,
973 1866 1126 1914 excussa
1149 1845 1364 1938 praesertim
1381 1869 1421 1940 q,

259 1963 300 2035 in
317 1961 464 2034 Galliae
488 1959 684 2032 romanicis
708 1959 956 2030 monumentis
980 1961 1093 2031 medii
1116 1962 1199 2034 aevi
1223 1983 1340 2053 aeque
1364 1985 1429 2032 ve-

259 2087 360 2151 tusta
377 2087 433 2150 est
449 2087 561 2169 atque
577 2077 618 2148 in
632 2069 859 2159 britannicis,
891 2077 1058 2148 tenuium
1071 2079 1163 2152 adeo
1178 2078 1426 2150 destitutionis

259 2195 432 2291 exempla
453 2193 641 2266 romanica
664 2191 799 2287 gallica
821 2193 1021 2265 vetustiora
1046 2204 1133 2270 sunt
1157 2219 1268 2288 quam
1287 2196 1428 2267 britan-

260 2314 356 2387 nica.
403 2312 553 2384 Prolata
569 2313 661 2382 haec
678 2310 812 2382 videsis
836 2309 877 2380 iu
894 2311 1024 2384 mediis
1041 2321 1080 2384 et
1097 2311 1270 2384 tenuibus
1287 2314 1428 2387 britan-

260 2431 352 2504 nicis
373 2431 423 2526 (p.
449 2430 532 2502 lbb.
559 2429 642 2500 167.
668 2428 753 2500 185.
779 2427 878 2522 186).

365 2549 401 2621 3.
438 2545 730 2618 Terminationes
761 2546 943 2638 quaedam
972 2547 1140 2640 propriae
1170 2547 1321 2644 linguae
1351 2547 1427 2620 bri-

261 2665 448 2747 tannicae,
471 2673 508 2736 et
525 2687 616 2756 quas
633 2661 779 2757 ignorat
796 2661 1006 2743 hibernica,
1035 2673 1253 2758 apparentes
1269 2667 1310 2737 in
1327 2662 1427 2736 voci-

260 2787 329 2856 bus
347 2780 489 2878 gallicis
507 2781 679 2862 vetustis,
702 2803 736 2850 e.
758 2803 814 2873 gr.
835 2801 900 2850 -cn
918 2777 978 2850 vel
993 2803 1063 2852 -oa
1085 2789 1175 2853 nota
1191 2781 1427 2877 singularita-

261 2901 308 2972 tis
325 2902 365 2972 in
383 2899 593 2972 nominibus
610 2897 821 2990 plantarum
838 2899 1038 2986 γελασονὲν,
1062 2899 1223 2995 σκοβιήν,
1251 2899 1421 2979 titumen,

261 3017 439 3088 betilolen
472 3015 521 3110 (p.
552 3014 660 3108 301),
696 3021 734 3085 et
764 3013 806 3083 in
836 3013 985 3083 nomine
1015 3011 1088 3084 loci
1116 3013 1241 3108 gallici
1265 3013 1429 3086 Aballon

264 3133 461 3230 (Aballone
487 3130 562 3202 abl.
590 3129 632 3200 in
656 3129 769 3212 Itim,
807 3129 945 3200 cambr.
979 3139 1053 3202 vet.
1082 3131 1238 3212 adulter,
1267 3131 1421 3211 auellere,

261 3251 349 3322 hod.
371 3245 524 3346 usellen,
547 3229 684 3328 malus,
716 3247 841 3327 arbor,
863 3270 902 3338 p.
925 3247 1025 3342 788),
1055 3259 1115 3319 -et
1131 3248 1339 3319 terminatio
1357 3271 1429 3319 nu-

262 3367 355 3438 meri
371 3363 526 3459 pluralis
546 3363 596 3458 (p.
619 3361 706 3436 297.
729 3361 816 3458 299)
846 3363 885 3433 in
908 3365 1056 3436 nomine
1074 3365 1283 3459 germanico
1301 3389 1349 3436 ex
1365 3387 1429 3436 ore

261 3483 396 3578 gallico
412 3481 540 3552 audito
558 3505 580 3552 a
597 3480 751 3554 Caesare
770 3480 953 3574 Usipetes,
976 3483 1077 3572 quod
1094 3481 1174 3552 aliis
1192 3483 1430 3576 scriptoribus

262 3601 342 3672 sine
362 3597 617 3671 terminatione
635 3597 770 3692 gallica
786 3607 842 3668 est
859 3597 984 3690 Usipi,
1008 3597 1150 3692 Usipii,
1175 3600 1304 3670 eodem
1321 3601 1430 3670 modo

264 3726 308 3788 ut
324 3717 424 3810 apud
441 3715 606 3786 Plinium
627 3715 675 3808 (3,
690 3713 751 3809 20)
771 3724 858 3786 sunt
870 3715 983 3808 juxta
992 3713 1189 3788 Senmetes
1207 3717 1320 3788 etiam
1328 3717 1431 3788 Ven-

265 3843 427 3916 nonetes,
450 3831 516 3924 qui
533 3831 744 3903 Ptolemaeo
761 3840 939 3904 vocantur
958 3833 1160 3911 Οὐέννονες.

367 3951 405 4032 4.
435 3949 554 4025 Voces
572 3949 753 4040 quaedam
778 3948 819 4020 in
836 3948 1045 4020 nominibus
1063 3947 1205 4042 gallicis
1223 3949 1375 4020 vetustis
1393 3957 1433 4020 et

265 4065 492 4149 britannicis,
523 4089 618 4162 quae
636 4067 770 4138 desunt
786 4064 826 4136 in
843 4064 1034 4136 hibernica
1049 4064 1191 4158 lingua.
1237 4065 1332 4136 Prae
1350 4065 1433 4136 aliis

264 4183 490 4258 nominanda
513 4191 569 4264 est
585 4181 767 4275 particula
784 4181 1036 4274 inseparabilis
1048 4205 1188 4275 paren,
1210 4207 1321 4278 qur„
1347 4205 1433 4276 yor-

266 4301 402 4372 usitata
428 4301 540 4371 etiam
563 4299 603 4382 in
617 4299 796 4378 hodierna
819 4296 948 4391 lingua
971 4297 1170 4377 cambrica.
1201 4296 1374 4390 frequens
1392 4297 1434 4372 in

266 4415 477 4498 nominibus
499 4415 655 4508 propriis
681 4413 841 4486 virorum
858 4414 1068 4506 compositis
1085 4414 1300 4488 britannicis
1320 4413 1434 4486 medii
