3104 5078
302 383 361 444 lto
527 382 557 445 Ι.
589 389 618 444 1.
663 402 833 446 consonis
848 401 1075 446 renisurum
1089 401 1230 447 nunnus.

296 548 487 613 minationes
503 549 587 628 etio,
602 559 661 627 -at,
680 551 742 614 -t'ot
756 552 897 632 (cannot,
911 550 1025 634 orqiat,
1040 550 1185 634 quitiae),
1202 560 1274 615 -aut
1289 552 1460 634 (draconi),

297 663 342 717 -ct
362 657 467 736 (term.
485 656 583 738 plur„
602 667 634 719 et
656 655 753 719 deriv.
771 655 895 732 eiiciet,
913 655 1095 738 cilchctou),
1122 656 1169 720 -it
1190 639 1383 739 (1101111011),
1398 658 1464 721 -m't

297 757 453 842 (iechuit).
479 760 620 824 Nomina
634 761 773 824 virorum
788 783 806 823 e
821 761 930 824 chron.
945 763 1061 824 cembr.
1082 761 1130 842 (in
1145 762 1242 846 proci.
1258 763 1338 844 ch.
1352 784 1387 846 p.
1402 763 1461 824 IV.

296 863 359 944 V):
381 866 487 928 osolt
500 868 556 947 (=
571 865 730 942 Catullus,
747 889 780 950 p.
800 867 854 948 6),
873 867 1020 942 Gom
1042 867 1242 950 Gotpoalari,
1265 869 1461 951 Ootqocoun,

300 968 692 1048 01111131111111111.

381 1092 409 1154 C
428 1091 464 1154 in
483 1092 578 1156 initio
597 1115 712 1156 vocum
733 1093 803 1175 (ubi
825 1093 859 1155 in
874 1092 1048 1156 recentiore
1061 1089 1173 1175 lingue
1187 1091 1373 1168 destitutio,
1399 1093 1464 1157 sive

295 1195 392 1258 ctiam
407 1196 582 1280 aspiratio).
614 1201 652 1280 a)
671 1199 713 1261 ln
728 1198 978 1262 constructione:
997 1221 1016 1260 o
1030 1199 1131 1261 coiloo
1146 1198 1344 1280 (auspiciis),
1364 1221 1383 1260 o
1398 1221 1464 1262 cor-

294 1302 590 1384 senn(en1ndine),
608 1325 626 1365 o
641 1315 713 1368 sees
728 1305 895 1386 (murice),
913 1327 931 1366 o
946 1303 1060 1367 casote
1077 1304 1207 1386 (pube),
1225 1323 1243 1364 o
1265 1303 1389 1368 elorico
1404 1307 1463 1386 (n-

293 1406 412 1488 bellis),
427 1407 471 1470 bo
485 1408 554 1490 creir
571 1409 726 1492 (pectine)
739 1411 822 1474 inter
835 1411 956 1493 glossas
968 1409 1074 1473 Oxon.
1106 1409 1137 1490 b)
1155 1409 1197 1470 In
1211 1409 1461 1491 compositione:

295 1511 431 1594 torciyel
448 1513 528 1593 (lore
550 1516 702 1597 ventris),
719 1517 878 1578 bonnoed
899 1515 1015 1597 (bullo)
1037 1514 1072 1576 in
1088 1513 1210 1576 iisdem.
1243 1513 1427 1596 Moikun(
1452 1562 1459 1577 .

293 1617 368 1699 vin)
388 1618 508 1681 Chron.
526 1622 644 1683 cumbi.
669 1621 704 1684 in
725 1621 824 1704 praef.
842 1621 883 1683 od
903 1621 981 1702 leg.
999 1641 1032 1702 p.
1051 1620 1093 1683 V.
1132 1620 1173 1682 In
1194 1617 1302 1682 medio
1323 1631 1358 1681 et
1378 1622 1459 1682 line:

293 1723 373 1784 door
394 1720 526 1808 (δάκρυ,
548 1724 582 1787 in
603 1747 742 1808 compos.
760 1725 910 1802 dacrion,
928 1711 1077 1807 uvidus),
1103 1723 1241 1787 cemecid
1261 1725 1458 1808 (lepidotis),

294 1837 361 1890 ocet
375 1831 519 1910 (meter),
537 1829 660 1893 ecclesio
683 1833 766 1913 (cos)
780 1831 815 1894 in
829 1831 874 1914 gl.
892 1831 1021 1905 Oxon.;
1045 1829 1227 1911 ibidemque
1241 1828 1276 1892 in
1292 1830 1461 1894 derivatio-

292 1933 387 1996 nibus
402 1933 510 1996 -ἰσααῐ
522 1935 703 2016 (iudicent,
721 1936 920 2018 ereodcool),
938 1935 1073 2000 -etioion
1092 1933 1325 2016 (spontem)
1340 1935 1426 2018 plur.
1443 1955 1460 1998 e

292 2037 376 2120 sing.
394 2038 490 2116 -etio,
514 2050 611 2123 etque
632 2063 715 2104 -ciuo
734 2041 935 2122 (marciane,
955 2041 1144 2124 plumam),
1169 2049 1207 2102 ut
1228 2061 1285 2103 -oc
1300 2043 1348 2124 (p.
1372 2045 1456 2124 111),

291 2143 393 2206 -ocioo
409 2143 603 2226 (oianocion)
622 2145 656 2207 in
672 2145 785 2228 glossis
801 2147 957 2210 Luxemb.
975 2151 988 2174 ’

377 2267 406 2329 P
425 2266 625 2330 armorica
646 2267 827 2331 vetustioris
844 2267 970 2332 dialecti
985 2267 1019 2330 in
1033 2267 1138 2330 medio
1153 2277 1185 2330 et
1199 2267 1282 2330 fine:
1300 2265 1458 2350 Rsbktpoe

292 2374 338 2452 (n.
357 2393 405 2455 pr.
423 2371 496 2454 viri)
519 2371 619 2435 chart.
638 2373 743 2436 Rhed.
765 2381 793 2449 1,
813 2379 843 2436 2.
862 2395 938 2456 enep
959 2373 995 2436 in
1009 2393 1148 2456 compos.
1174 2373 1368 2456 eneppiaerth
1391 2374 1455 2455 (do-

291 2476 382 2566 tatio)
398 2475 497 2539 chart.
516 2477 657 2540 Londev.
676 2499 728 2562 ap.
747 2479 859 2543 Cours.
882 2487 910 2556 1,
927 2503 960 2564 p.
981 2483 1054 2540 424.

374 2617 402 2679 Τ
426 2615 461 2678 in
481 2615 576 2680 initio
596 2617 680 2680 vocis
703 2619 860 2680 secundae
882 2615 1066 2702 compositi:
1097 2615 1241 2680 Wotalin
1262 2618 1310 2700 (n.
1329 2641 1400 2702 pn,
1415 2617 1454 2682 ci.

294 2721 397 2786 Talon
412 2723 498 2786 Mor.
517 2726 592 2805 309)
615 2721 715 2785 chart.
734 2723 839 2785 Rhed.
861 2729 889 2800 1,
910 2727 940 2784 2.
966 2721 1142 2786 Maeltiern
1160 2727 1188 2800 1,
1211 2729 1260 2784 14.
1281 2727 1311 2800 2,
1332 2729 1385 2786 26.
1416 2725 1454 2786 In

288 2825 393 2889 medio
416 2838 448 2890 et
469 2829 533 2890 fine
556 2828 591 2890 in
612 2827 795 2891 nominibus
817 2826 952 2911 propriis
974 2825 1114 2890 virorum
1128 2825 1313 2892 chartularii
1328 2829 1453 2892 Rhodo-

288 2932 413 2996 nensis:
445 2935 630 3010 Woratom‚
659 2934 811 2996 Conatam
831 2941 865 3010 1,
884 2937 936 2994 22.
957 2939 1008 2994 34.
1033 2931 1127 2994 Litoc
1143 2935 1182 3008 2,
1200 2936 1253 2994 20.
1272 2937 1324 2996 24.
1357 2931 1453 2998 Hio'n

288 3040 373 3102 Mor.
397 3043 470 3102 266.
494 3037 663 3102 Jarnbitin
682 3045 710 3114 l,
731 3045 760 3099 7.
781 3042 831 3099 20.
852 3044 904 3100 30.
928 3035 1121 3113 Iarbitam,
1146 3035 1345 3101 Jamtaitou
1365 3045 1400 3116 1,
1425 3047 1452 3100 7.

290 3149 341 3208 29.
366 3145 484 3208 Dotlin
501 3150 531 3220 2,
551 3150 602 3206 31.
622 3145 704 3207 Mor.
726 3148 798 3206 273.
830 3143 987 3219 Woletec,
1011 3141 1160 3206 Guoletec
1181 3145 1239 3226 (=
1252 3143 1375 3206 cembr.
1391 3154 1453 3206 vet.

284 3249 415 3333 quletis)
436 3257 464 3326 1,
484 3257 514 3312 5.
534 3256 564 3312 6.
584 3255 634 3311 22.
656 3256 707 3312 36.
727 3254 757 3326 2,
780 3255 829 3310 16.
855 3249 951 3312 Octoc
968 3254 997 3324 1,
1017 3253 1069 3309 53.
1086 3247 1232 3310 Meelcat
1249 3253 1278 3324 1,
1298 3253 1351 3309 32.
1372 3249 1452 3311 Mor.

289 3361 370 3430 304,
390 3365 430 3417 ut
454 3365 486 3418 et
506 3354 542 3417 in
562 3376 638 3418 voce
660 3362 727 3418 mat
746 3355 877 3436 (bonus)
900 3351 1080 3436 frequenter
1101 3351 1193 3416 obvia
1214 3351 1249 3416 in
1271 3353 1454 3417 nominibus

287 3459 480 3541 compositis.
1152 3537 1156 3548 .

372 3581 399 3645 G
414 3581 450 3644 in
463 3580 556 3644 initio
571 3581 606 3646 in
621 3581 802 3666 compositis
818 3602 900 3658 -car,
914 3589 989 3659 -cat,
1004 3589 1103 3660 cont,
1118 3579 1224 3644 -colon
1234 3579 1452 3664 frequentibus

285 3685 322 3748 in
335 3685 528 3750 chartulario
542 3687 750 3750 Rhedonensi
764 3686 908 3770 aliisque,
926 3707 954 3748 e.
972 3708 1021 3770 gr.
1039 3687 1165 3762 Hocar,
1182 3685 1330 3764 Ritcent,
1354 3687 1452 3752 Gurii·

286 3791 377 3855 calon
392 3802 452 3854 etc.
485 3790 527 3856 In
548 3792 652 3856 medio
675 3803 707 3856 et
721 3795 803 3856 fine:
826 3793 912 3856 Jacu
928 3791 1055 3873 (Jacob)
1070 3790 1204 3868 ibidem,
1222 3802 1255 3854 et
1269 3791 1453 3876 praesertim

285 3896 320 3960 in
343 3896 620 3962 terminationibus
642 3897 693 3962 -ic
699 3945 711 3976 ‚
734 3920 800 3972 -oc,
826 3917 924 3960 -ocan
946 3895 1183 3980 frequentibus,
1208 3918 1238 3960 e.
1259 3919 1308 3982 gr.
1333 3897 1451 3972 Budic,

284 4002 422 4080 Loieoic,
444 4005 550 4082 Catoc,
568 4003 682 4080 Labe,
699 4001 845 4066 Lalocon
860 4013 921 4066 eto.

370 4127 480 4190 Stotus
501 4122 690 4206 originarius
714 4122 861 4187 tenuium
882 4125 918 4190 in
937 4124 988 4188 his
1010 4145 1086 4206 ergo
1105 4145 1163 4207 pro
1184 4123 1296 4207 regule
1316 4135 1378 4202 est,
1397 4144 1452 4186 neo

283 4231 429 4315 agnoscit
454 4228 608 4294 vetustior
633 4227 745 4311 lingue
770 4230 949 4294 britannice
973 4229 1069 4294 aliam
1094 4227 1300 4292 infectionem
1330 4240 1452 4314 praeter

283 4339 530 4421 aspiratam,
553 4356 634 4416 quoe
656 4333 780 4398 invadit
806 4345 917 4400 tenues
939 4335 975 4398 in
995 4332 1101 4398 medio
1121 4333 1172 4396 vel
1194 4335 1258 4396 fine
1281 4355 1398 4398 vocum
1418 4333 1450 4396 in

282 4443 440 4528 positione
453 4440 529 4524 plus
543 4439 594 4502 vel
608 4439 727 4516 minus,
741 4437 849 4504 minus
864 4461 892 4504 e.
906 4463 956 4525 gr.
970 4439 1006 4538 in
1020 4438 1179 4524 positione
1189 4459 1264 4504 cum
1276 4440 1312 4516 S,
1327 4438 1448 4524 saepius
