3184 5078
471 446 499 508 1.
535 454 563 508 1.
609 465 779 514 consonas
793 467 959 514 carnosa.

560 777 600 837 B.
648 777 868 840 Consonae.

214 982 301 1045 Sunt
316 998 530 1043 consonarum
544 977 729 1042 celticamm
743 977 868 1055 classes,
889 979 976 1042 utin
991 979 1102 1042 ceteris
1117 977 1236 1062 linguis
1252 963 1297 1042 s'f-

122 1087 264 1152 finitatis
279 1085 524 1167 indeuropaeae,
543 1083 850 1147 semivocalium
881 1083 1064 1166 liquidae
1090 1095 1123 1147 et
1145 1084 1297 1168 spiran-

124 1207 205 1270 tes,
229 1203 433 1254 mutarum
458 1173 626 1265 mediae,
653 1199 793 1252 tenues
818 1201 851 1252 ct
877 1189 1091 1273 aspiratae.
1132 1191 1298 1252 Mutarum

123 1319 290 1384 quamque
311 1296 446 1358 classem
468 1293 549 1355 terni
564 1294 635 1358 soni
650 1295 868 1372 constituunt,
894 1295 949 1378 qui
964 1295 1026 1358 oris
1042 1294 1168 1378 organis
1184 1293 1298 1356 discer-

122 1415 273 1478 nuntur,
298 1400 494 1477 labiales,
518 1401 707 1464 dentales
734 1411 767 1464 et
792 1401 1044 1484 gutturales,
1063 1399 1299 1463 semivocalium

122 1513 209 1574 duas
229 1509 346 1571 classes
359 1506 515 1594 ¹quaterni
538 1505 625 1582 soni,
650 1527 717 1569 non
739 1509 848 1570 eodem
863 1517 947 1569 certo
962 1505 1056 1569 modo
1071 1505 1225 1568 distincti.
1258 1505 1299 1567 ln

122 1613 373 1682 semivocalibus
395 1612 479 1694 quod
502 1611 544 1674 sit
563 1611 728 1696 proprium
750 1635 785 1674 ac
808 1613 950 1694 divergat
970 1633 989 1674 a
1010 1611 1128 1694 linguis
1148 1609 1298 1673 affinibus

122 1746 196 1787 non
220 1717 501 1793 animadvertitur,
527 1718 582 1780 sed
597 1717 632 1780 in
646 1717 756 1781 mutis.
790 1719 880 1786 Quae
897 1727 1058 1780 mutarum
1072 1715 1247 1802 proprietas
1262 1736 1299 1777 ea

124 1841 199 1904 est,
218 1837 258 1889 ut
272 1845 330 1909 pro
344 1833 434 1906 parte
449 1832 577 1885 tantum
590 1845 665 1886 cum
679 1823 778 1886 mutis
794 1822 1021 1906 cujuscumque
1035 1821 1164 1905 linguae
1179 1819 1295 1897 affinis,

125 1959 161 1998 e.
179 1955 229 2017 gr.
247 1931 377 2005 latinae,
395 1927 604 2012 germanicae,
622 1930 824 2005 concordent,
841 1949 898 2011 pro
913 1939 1001 2012 parte
1017 1949 1090 2011 ergo
1105 1927 1296 1990 discordent.

120 2043 197 2105 Res
212 2049 322 2101 autem
336 2035 381 2098 ita
396 2055 429 2096 se
445 2033 550 2096 habet.

218 2163 380 2246 Linguam
394 2183 538 2246 graecam
552 2159 755 2246 praeprimis,
778 2160 885 2243 paullo
900 2159 1006 2222 minus
1022 2171 1054 2222 et
1069 2159 1202 2224 latinam
1217 2157 1298 2219 indi·

127 2291 283 2353 camque,
303 2268 399 2330 trium
419 2277 581 2330 mutarum
596 2267 763 2342 classium,
788 2267 975 2344 mediarum,
1000 2267 1162 2341 tenuium,
1181 2263 1298 2346 aspira-

128 2387 256 2450 tarum,
273 2395 391 2456 magna
411 2372 501 2456 copia
515 2384 548 2436 et
562 2381 756 2455 congruente
771 2373 865 2437 modo
879 2375 1016 2456 gaudere
1031 2383 1145 2436 notum
1160 2381 1218 2432 cst.
1244 2369 1299 2430 In-

132 2495 179 2545 ter
201 2481 329 2564 linguas
351 2477 646 2562 septentrionalium
668 2477 836 2540 nationum
860 2471 1042 2560 'germanica
1064 2476 1160 2540 etiam
1182 2473 1300 2558 gaudet

133 2589 249 2650 eadem
264 2585 354 2668 copia
362 2633 371 2662 ,
397 2605 463 2646 non
485 2595 592 2646 tamen
607 2595 801 2666 congruente
816 2585 925 2660 modo,
944 2583 989 2646 ita
1003 2593 1040 2645 ut
1055 2605 1083 2645 e.
1101 2605 1148 2666 gr.
1167 2579 1202 2642 in
1217 2577 1299 2642 voci-

131 2695 194 2756 bus
216 2690 439 2754 communibus
462 2689 511 2752 his
534 2687 652 2772 linguis
675 2689 830 2772 aspiratae
850 2690 877 2753 si
899 2691 1017 2752 adsunt
1033 2689 1067 2750 in
1082 2709 1194 2770 graeca
1208 2695 1241 2747 et
1255 2685 1299 2746 la·

132 2799 221 2874 bna,
248 2797 313 2860 sint
333 2796 429 2858 etiam
451 2793 607 2878 aspiratae
628 2793 663 2856 in
682 2796 873 2876 germanica.
906 2795 947 2858 In
969 2794 1028 2856 hac
1043 2793 1146 2868 enim,
1170 2788 1300 2874 quaein

130 2903 197 2966 illis
212 2915 290 2966 sunt
304 2901 477 2986 aspiratae,
502 2899 603 2963 factae
618 2910 696 2962 sunt
717 2900 838 2964 mediae
854 2899 1026 2962 secundam
1041 2897 1184 2979 regulam
1199 2905 1300 2956 trans·

130 3003 300 3090 positionis
321 3015 483 3070 mutarum
504 3005 773 3087 germanicarum,
797 3027 861 3088 qna
884 3025 977 3088 porro
998 3002 1098 3065 factae
1114 3011 1189 3064 sunt
1205 3021 1221 3060 e
1235 3021 1300 3060 me-

131 3111 195 3173 diis
206 3109 361 3195 pristinis,
372 3131 453 3194 quae
463 3120 590 3172 exstant
601 3111 705 3174 adhuc
716 3111 751 3174 in
762 3109 1021 3174 meridionalibus
1032 3105 1163 3190 linguis,
1176 3115 1298 3179 tenues,

131 3240 150 3279 e
180 3216 330 3278 tenuibus
353 3214 519 3299 aspiratae.
553 3214 680 3279 Sistunt
700 3216 758 3280 has
779 3218 929 3280 classium
953 3211 1215 3298 transgressiones
1241 3207 1301 3270 hae

129 3325 213 3386 duae
228 3342 320 3384 voces
335 3320 480 3404 gothicae
496 3321 576 3384 tcta
591 3323 775 3408 (=saqus,
795 3317 912 3410 φηγός)
928 3331 960 3383 et
977 3319 1106 3384 sanctas
1127 3317 1238 3402 (dens,
1256 3345 1301 3369 =

131 3427 244 3510 dent),
263 3427 297 3489 in
314 3426 430 3508 quibus
446 3448 463 3489 e
477 3426 590 3488 mediis
604 3426 747 3512 pristinis
760 3449 793 3512 9,
815 3429 839 3490 d
852 3427 952 3490 sactae
967 3435 1043 3488 sunt
1059 3435 1170 3488 tenues
1186 3421 1224 3498 k,
1244 3429 1266 3498 t,
1284 3441 1301 3482 e

132 3533 223 3598 tenui
241 3541 253 3596 t
266 3531 404 3616 aspirata
420 3531 464 3608 tlt,
483 3553 523 3594 ex
538 3531 676 3616 aspirata
681 3532 715 3616 s
723 3533 827 3595 media
842 3533 871 3595 d.

219 3659 366 3743 Linguae
388 3659 428 3722 ab
451 3668 584 3742 utraque
606 3669 697 3741 parte
723 3659 921 3742 germanicae
944 3659 1104 3733 confines,
1129 3653 1241 3718 celtica
1262 3652 1301 3714 ab

129 3766 307 3842 occidente,
319 3775 351 3830 et
362 3764 479 3828 slavica
490 3785 564 3826 oum
574 3763 718 3848 prussica
729 3763 933 3847 (lithuanica)
946 3766 985 3828 ab
995 3763 1126 3839 oriente,
1136 3758 1300 3846 proprium

130 3872 265 3936 modum
291 3881 417 3934 secutae
443 3877 483 3932 et'
500 3869 744 3946 intermedium,
774 3869 809 3932 in
835 3881 925 3956 parte
952 3877 1079 3932 tantum
1111 3865 1303 3930 concordant

131 3999 206 4040 cum
220 3977 404 4059 germanica
425 3974 688 4058 transpositione,
712 3975 746 4038 in
761 3985 851 4058 parte
873 3975 1002 4058 quidem
1020 3974 1152 4036 minore.
1185 3971 1300 4032 Trans·

130 4093 309 4165 posuerunt
338 4081 425 4144 onim
453 4080 606 4165 aspiratas
639 4080 837 4144 solummodo
866 4080 901 4143 in
927 4079 1064 4154 medias,
1088 4076 1303 4156 relinquentes

132 4187 272 4250 intactas
287 4186 409 4250 medias
424 4197 456 4249 et
472 4197 602 4262 tenues,
626 4197 664 4249 ut
679 4196 755 4249 sunt
769 4185 874 4249 adhuc
889 4184 924 4247 in
938 4205 1050 4268 graeca
1065 4193 1097 4244 et
1111 4179 1221 4242 latina.
1251 4177 1302 4240 En

131 4293 291 4376 exempla.

218 4417 349 4483 Mediae
364 4429 398 4481 et
412 4428 525 4482 tenues
540 4429 692 4496 servatae,
711 4418 797 4482 utin
812 4413 1071 4480 meridionalibus
1086 4409 1222 4494 linguis:
1241 4407 1303 4472 bri·

131 4537 221 4592 tann.
240 4536 306 4590 vat.
326 4523 384 4588 dac
399 4523 536 4604 (hibern.
554 4535 618 4588 vet.
636 4523 747 4600 deick,
764 4523 881 4586 cambr.
900 4521 975 4585 bod.
994 4519 1070 4604 deq,
1089 4516 1237 4582 cinfecta
1251 4513 1302 4580 vel
