3218 5068
289 331 351 392 506
395 331 460 394 ΙΙΙ.
480 337 510 393 2.
542 351 644 395 vnnm
661 351 857 396 nnrrnnuror
872 351 984 396 sorim
998 351 1158 396 ransom
1173 352 1353 397 1111111111.

284 497 510 581 ywrltayssaat
529 522 550 584 y
569 499 685 563 arthur
707 503 754 580 (et
767 501 957 584 juraverunt
977 501 1012 564 in
1033 500 1198 563 servitium
1212 500 1366 575 Arthuri;
1387 522 1451 584 qw-

286 601 391 684 rhow)
408 604 496 666 Mab.
518 611 546 680 1,
566 608 639 666 266.
662 604 771 686 aphau
789 606 956 691 welsanty
973 607 1068 669 wala.
1090 653 1097 668 .
1119 605 1455 691 ,ykycliwynaasant

288 709 422 788 (etcum
437 707 587 771 viderunt
601 710 776 785 domestici,
794 715 1014 793 perrexerunt)
1032 713 1120 774 Mab.
1141 719 1169 786 1,
1190 715 1262 772 258.
1280 712 1338 794 ses
1347 731 1454 792 1191110-

287 820 361 875 sant
378 835 423 895 pa
444 835 482 874 en
503 812 626 896 kypltor
641 813 701 893 (ita
722 817 930 879 decreverunt
948 816 984 878 in
1002 815 1136 878 concilio
1151 819 1223 897 sno)
1241 817 1329 878 Mab.
1349 821 1379 890 t,
1399 818 1451 874 21.

373 918 470 982 Com.
489 917 613 992 SANS‚
632 918 761 982 SONS:
786 920 857 982 orth
872 921 972 1005 Pylai
992 920 1026 981 ol
1042 942 1063 1003 y
1084 929 1207 983 setoam
1222 920 1380 1002 (Pilatum
1394 918 1454 980 im·

197 1097 201 1102 Ι
287 1021 440 1102 prdemnt
462 1025 585 1103 omnes)
602 1025 692 1086 Pass.
714 1029 785 1098 117,
808 1031 836 1085 1.
859 1048 881 1108 y
901 1047 943 1108 ny
964 1045 1102 1108 aymam
1124 1049 1145 1109 p
1168 1047 1247 1088 rone
1266 1025 1455 1104 (noluerunt

287 1126 426 1190 dividere
448 1147 529 1202 enm,
554 1128 709 1208 tunicam)
729 1135 801 1204 190,
822 1134 851 1189 3.
873 1152 895 1214 y
915 1129 1072 1192 howlsons
1094 1129 1163 1190 oll.
1184 1177 1191 1190 .
1212 1177 1219 1190 .
1237 1151 1318 1192 onon
1340 1149 1362 1211 y
1382 1126 1454 1188 wel·

286 1251 384 1293 sone.
405 1277 412 1292 .
431 1230 494 1313 dap
514 1255 536 1315 p
553 1233 715 1296 lavarsrms
738 1231 843 1296 thoda
859 1234 1096 1316 (quaesiverunt
1110 1254 1230 1310 omnes,
1248 1253 1352 1294 unum
1366 1229 1452 1292 vide·

287 1346 374 1411 runt,
392 1345 424 1398 et
437 1335 588 1398 dixerunt
603 1336 645 1416 ei)
665 1344 735 1412 161,
756 1342 785 1398 2.
805 1343 835 1399 3.
855 1345 885 1398 4.

371 1439 496 1502 Armor.
516 1440 644 1504 SONT.
670 1442 835 1504 Hodierna
850 1442 927 1504 item
942 1443 1053 1504 verba:
1072 1442 1210 1538 haerent
1225 1440 1451 1523 (cecinerunt),

288 1542 442 1608 leoerzont
457 1543 635 1628 (dixenmt)
650 1567 707 1629 pro
722 1546 868 1623 kanaam,
888 1547 1050 1610 aonam.

762 1777 974 1840 Futurum.

373 1960 511 2042 Signum
532 1961 632 2024 futuri
648 1964 675 2024 B
691 1961 850 2026 exstitisse
871 1961 968 2025 etiam
982 1961 1016 2024 in
1031 1961 1143 2045 lingua
1157 1960 1346 2036 britannioa,
1364 1971 1455 2058 patet

287 2085 327 2127 ex
349 2064 475 2128 residua
491 2065 517 2126 F
532 2067 615 2142 (orte
635 2087 653 2128 e
672 2067 701 2142 h,
723 2089 756 2149 p.
777 2069 852 2148 160)
868 2066 903 2130 in
918 2065 1026 2130 formis
1041 2066 1231 2150 quibusdam
1245 2066 1455 2130 dialectomm

156 2203 158 2206 ·
287 2180 354 2232 tam
368 2168 468 2232 futuri
485 2170 665 2234 secundarii
680 2171 863 2253 (dequibus
878 2171 986 2253 infra),
1004 2191 1100 2253 quam
1114 2180 1147 2234 et
1162 2171 1259 2253 hujus
1273 2170 1374 2253 ipsius
1389 2169 1455 2253 pri-

286 2271 389 2335 marii.
420 2273 583 2336 Armorioe
598 2295 626 2338 e.
643 2297 691 2358 gr.
709 2287 783 2358 post
803 2275 992 2358 particulam
1006 2297 1078 2338 mar
1093 2273 1148 2356 (si)
1164 2275 1346 2358 servaturf
1353 2274 1388 2336 in
1404 2274 1454 2336 fu·

287 2388 358 2440 turo
373 2377 460 2441 verbi
475 2378 510 2442 in
525 2379 631 2442 Buh.:
655 2382 801 2446 mendant
823 2380 926 2464 denas
940 2401 1012 2444 mar
1031 2379 1225 2462 poueaaesez
1247 2379 1366 2444 asanez
1381 2399 1455 2460 poa

287 2484 351 2567 day
372 2482 423 2546 dit
442 2505 462 2546 α
482 2505 565 2567 qray
588 2505 654 2548 mee
670 2485 843 2567 (miseriam
863 2485 971 2568 hujus,
989 2483 1133 2560 infantis,
1151 2484 1179 2546 si
1202 2483 1360 2560 tolerabis,
1378 2505 1455 2546 eum

286 2587 392 2663 venit,
417 2587 475 2650 tibi
496 2589 591 2652 faciet
605 2590 740 2654 dedecus
749 2615 758 2666 3
783 2611 950 2674 apamen,
964 2589 1093 2674 potans
1100 2619 1144 2644 ι-
1158 2599 1222 2652 vet.
1241 2591 1359 2654 oambr.
1373 2611 1454 2671 pao·

286 2691 380 2769 mim,
394 2713 428 2775 p.
442 2697 599 2776 134.136)
613 2701 665 2770 86,
681 2701 730 2758 11.
748 2701 797 2756 12.
823 2696 1028 2789 Eandemque
1039 2693 1260 2758 sarmationem
1270 2715 1452 2776 peromnes

285 2819 435 2881 personas
450 2797 555 2862 adhue
566 2820 584 2862 e
596 2798 707 2881 lingua
718 2799 844 2862 cornice
855 2798 1036 2881 exspirante
1047 2797 1142 2862 refert
1154 2799 1255 2881 Pryce
1267 2797 1452 2878 (Archaeol.

286 2903 473 2966 cornu-brit.
491 2924 524 2984 p.
544 2905 615 2983 41);
639 2924 711 2966 mor
730 2905 880 2989 puylfym
900 2902 942 2984 (si
964 2901 1110 2984 videbo),
1135 2923 1207 2966 mor
1224 2903 1389 2988 paylfydd
1412 2904 1456 2986 (si

285 3007 406 3070 videbis
413 3032 423 3082 ;
441 3038 485 3060 -ε
497 3007 580 3092 yth),
600 3029 673 3070 mar
684 3009 809 3092 paylys
817 3030 834 3070 e
849 3007 890 3089 (si
905 3007 1056 3089 videbit);
1074 3028 1146 3072 mor
1157 3008 1296 3092 popisma
1308 3007 1350 3090 (si
1365 3007 1454 3072 vide-

286 3112 418 3192 bimus),
432 3133 504 3175 mur
515 3113 625 3196 qaelfo
641 3113 683 3192 (si
697 3112 861 3187 videbitis;
880 3112 915 3174 in
929 3112 1000 3176 aliis
1014 3111 1068 3176 -od
1081 3143 1126 3166 ε
1140 3112 1263 3196 mli),
1277 3133 1350 3176 mor
1357 3113 1454 3197 papl-

276 3217 365 3300 fynz
380 3215 421 3297 (si
446 3216 617 3292 videbunt3
641 3249 685 3270 =
708 3220 807 3302 pas).
846 3217 927 3280 Inde
952 3215 1048 3280 etiam
1073 3217 1108 3282 in
1130 3216 1301 3282 hodiernae
1322 3216 1454 3299 linguae

285 3320 458 3383 cambrione
491 3319 591 3384 forma
622 3320 823 3404 significante
860 3321 1006 3384 futurum
1037 3319 1130 3404 euris
1150 3321 1305 3401 (amabit3
1334 3323 1451 3386 Owen.

284 3445 418 3506 gramm.
447 3445 480 3505 p.
509 3427 582 3504 110)
609 3425 756 3506 equidem
788 3425 956 3490 vetustatis
988 3435 1098 3488 notam
1122 3447 1189 3490 non
1214 3427 1451 3512 denegaverim,

284 3527 429 3610 quamvis
445 3547 514 3588 eam
529 3541 693 3610 oppugnet
707 3531 824 3594 Davies
840 3531 999 3610 (Gramm.
1016 3552 1049 3613 p.
1069 3535 1120 3592 99.
1143 3533 1228 3611 100).

371 3633 454 3696 Cum
476 3633 587 3696 eodem
609 3633 700 3716 signo
722 3653 796 3716 ergo
817 3634 918 3698 futuri
935 3657 1031 3719 supra
1045 3635 1080 3700 in
1094 3635 1310 3717 paradigmate
1325 3637 1453 3700 restitui

285 3745 437 3820 poterunt
451 3737 568 3800 formae
583 3738 772 3822 primitivae.
798 3739 941 3804 Excussa
956 3751 1064 3806 autem
1079 3751 1166 3816 nota,
1184 3741 1368 3804 commixtio
1384 3753 1454 3806 orte

284 3853 333 3906 est
355 3865 432 3908 usus
455 3842 605 3927 temporis
627 3831 802 3925 praesentis
822 3854 855 3908 et
875 3843 991 3920 futuri,
1016 3845 1222 3921 observanda,
1241 3857 1279 3908 ut
1299 3846 1335 3908 in
1356 3867 1454 3930 supra

284 3948 477 4012 enumeratis
498 3947 685 4031 praesentis,
703 3947 800 4012 etiam
820 3948 856 4010 in
870 3949 967 4031 hujus
983 3950 1133 4033 temporis
1148 3951 1303 4033 exemplis
1317 3950 1452 4015 cambri·

284 4051 329 4116 cis
344 4053 465 4137 paucis.

369 4157 461 4241 Sing.
489 4163 517 4220 1.
535 4179 619 4240 pers.
644 4158 749 4222 WYF
770 4160 802 4240 (e
823 4169 949 4222 vetusto
971 4158 1129 4240 -boim?):
1154 4181 1197 4244 ny
1217 4159 1355 4243 wehoyfi
1373 4160 1457 4244 dydr'

284 4267 364 4344 (non
386 4262 478 4326 video
499 4263 544 4344 te)
567 4263 656 4326 Mab.
679 4270 714 4337 1,
736 4269 786 4325 14.
815 4286 858 4348 ny
885 4263 1033 4349 chattoys
1046 4285 1085 4349 oy
1107 4265 1226 4348 wymb.
1248 4313 1255 4327 .
1277 4311 1284 4326 .
1308 4287 1374 4350 pay
1395 4287 1454 4348 pa-

276 4367 388 4450 ffioyf
397 4369 476 4448 (non
491 4368 674 4432 monstrabo
689 4367 801 4432 taciem
815 4389 929 4444 meam,
950 4416 958 4431 .
980 4416 987 4431 .
1005 4370 1104 4434 donec
1121 4367 1296 4450 inveniam)
1313 4371 1404 4434 Mab.
1424 4377 1453 4446 1,
