3104 5078
155 452 182 513 1.
201 456 231 512 2.
265 467 436 512 consonas
451 465 678 511 narranmcsn
693 466 905 512 mascarano
920 467 1137 511 nrsrrrursn.
1198 448 1261 508 219

183 625 212 681 9.
238 620 320 682 Post
343 615 531 700 particulam
552 615 742 680 embricam
755 637 799 700 yn
815 617 897 699 (ut):
922 639 966 701 yn
979 637 1051 680 com
1067 619 1120 698 (ut
1133 618 1259 698 mater),

103 745 141 808 yn
154 722 319 786 aorchawc
341 726 392 804 (ιιι
410 722 519 804 eques)
536 721 624 784 Mab.
646 729 674 798 1,
694 726 767 784 236.
787 725 860 783 241.
879 726 952 784 242.
974 743 1019 806 yn
1034 719 1196 784 donnootd
1212 723 1264 802 (ut

105 837 184 910 pater
197 826 368 910 nutritius)
386 831 415 904 2,
436 833 509 888 375.
530 847 573 910 yn
589 847 680 888 nator
695 828 890 908 (admodum,
907 827 1072 908 multum),
1089 849 1133 910 yn
1145 823 1270 910 yyntas

105 931 264 1015 (primum3
287 931 429 1017 leyntaf)
452 931 541 992 Mab.
565 931 609 1012 sq.
638 953 682 1015 yn
703 931 827 1016 cynycd
848 933 977 1014 (saepe)
996 938 1031 1007 3,
1053 938 1125 994 394.
1150 931 1201 993 dot
1218 951 1263 1014 yn

104 1037 309 1122 nollyennyf
324 1039 406 1119 (esso
420 1035 534 1098 melius
549 1035 647 1112 mihi3
667 1036 777 1120 ywell)
796 1044 825 1114 1,
844 1043 874 1098 5.
896 1060 917 1121 y
937 1036 1034 1120 yellir
1054 1035 1202 1120 clywednt
1215 1031 1265 1095 idi

104 1165 122 1226 y
136 1142 180 1206 dot
192 1165 236 1226 yn
250 1140 379 1224 deekaf
387 1161 423 1202 or
435 1142 588 1224 ywrayed
600 1163 638 1202 ac
650 1164 695 1225 yn
707 1141 846 1225 decidas
854 1163 892 1204 ac
903 1163 948 1226 yn
959 1139 1178 1222 tondedt'clcas
1187 1136 1263 1218 (dici

105 1247 209 1328 poterit
229 1249 269 1309 de
292 1268 342 1320 ea,
360 1266 428 1307 esse
443 1245 703 1309 formosissimam
717 1268 734 1308 e
749 1246 935 1314 mulieribus
951 1256 983 1308 ct
997 1241 1263 1330 sapientissimam

107 1361 134 1413 ct
152 1351 395 1430 nobilissimam)
414 1356 443 1426 1,
464 1357 515 1410 17.
551 1351 667 1413 Confer
689 1361 796 1414 tamen
817 1351 973 1434 exempla,
997 1348 1168 1432 inquibus
1189 1367 1262 1409 con·

106 1477 174 1518 sona
187 1455 360 1538 originaria
374 1465 483 1516 manet
497 1465 570 1538 post
585 1457 718 1518 eandem
732 1455 932 1540 particulam,
951 1476 1047 1538 supra
1061 1453 1101 1516 A.
1120 1454 1149 1516 I.
1170 1459 1199 1514 7.

27 1635 28 1638 Ἴ
179 1560 356 1624 Cornice
379 1569 452 1642 post
467 1561 601 1623 eandem
615 1560 819 1644 particulam:
843 1582 887 1644 yn
893 1560 957 1644 sas
973 1561 1080 1642 (bene)
1097 1561 1188 1622 Pass.
1209 1563 1259 1633 64,

81 1729 85 1736 ,
106 1671 260 1742 3.156,4.
294 1664 362 1727 Sed
376 1675 486 1726 contra
499 1687 544 1748 yn
559 1674 592 1728 to
608 1666 728 1748 (bene),
746 1666 785 1727 de
801 1687 863 1748 quo
879 1687 974 1747 supra
990 1665 1044 1746 (A.
1059 1665 1088 1726 Ι.
1106 1666 1149 1745 1).
1179 1661 1263 1726 Item

105 1781 168 1852 post
180 1791 251 1833 mar
266 1771 375 1854 (tam),
395 1769 449 1831 del
462 1767 531 1848 (ita,
550 1773 617 1852 ut):
636 1791 708 1832 mor
721 1792 797 1832 ocor
812 1771 892 1852 (tam
906 1771 1055 1854 magnus)
1072 1769 1162 1831 Pass.
1182 1772 1212 1842 8,
1229 1771 1259 1826 3.

106 1895 251 1938 maronae
266 1876 351 1956 (tam
366 1873 464 1956 latus)
482 1880 532 1950 31,
550 1879 579 1935 2.
598 1895 669 1937 mar
686 1873 740 1937 tha
756 1879 836 1956 (tam
849 1877 967 1958 bonus)
981 1881 1054 1950 251,
1071 1879 1100 1934 3.
1118 1869 1262 1934 mordek

106 1982 175 2059 (tam
188 1981 337 2064 pulcher)
356 1985 427 2056 190,
448 1985 477 2040 3.
502 1978 557 2041 del
574 2001 610 2041 oe
624 1979 684 2062 (ita
698 1981 778 2062 erat)
796 1985 826 2056 8,
846 1985 876 2040 2.
892 2001 977 2062 pare
995 1979 1050 2042 del
1067 1998 1189 2064 aynnos
1211 1977 1262 2058 (ut

106 2085 207 2168 voluit)
226 2094 275 2162 11,
295 2092 330 2146 4.
904 2153 907 2160 ,

179 2189 392 2254 Armorica
414 2189 492 2253 item
511 2188 676 2252 destitutio
697 2200 770 2274 post
789 2189 979 2274 particulam
996 2211 1029 2252 ez
1045 2186 1080 2249 in
1095 2185 1201 2250 Buh.:
1227 2207 1262 2248 ez

106 2315 151 2358 oeo
165 2298 213 2377 (ιιι
225 2295 338 2369 vivus;
362 2297 480 2358 cambr.
502 2317 547 2382 yn
562 2296 643 2379 ayn)
661 2301 712 2372 32,
734 2302 783 2357 11.
816 2297 879 2358 Ριο
894 2317 938 2380 yn
953 2292 1109 2357 cambrica
1124 2301 1199 2355 ante
1212 2291 1261 2352 in-

107 2400 232 2464 finitivos
252 2409 333 2464 sunt
354 2399 504 2464 armorico
520 2400 614 2462 hodie
637 2423 665 2476 ο,
684 2423 744 2464 ann
767 2422 825 2464 eun
845 2400 1073 2480 destituentes:
1099 2391 1263 2460 owalc'hi

109 2503 242 2589 (lavans),
259 2528 323 2570 enn
339 2526 396 2568 enr
407 2514 524 2588 yaront
538 2507 687 2588 (amans).

184 2617 211 2672 9.
234 2612 315 2674 Post
335 2609 507 2694 particulas
527 2609 679 2673 verbales.
711 2609 925 2673 Cambrica
944 2605 1200 2692 frequentissima
1214 2613 1262 2666 est

112 2733 148 2773 o.-
162 2715 248 2779 onein
264 2739 285 2779 a
300 2713 430 2798 neneyis
446 2715 502 2796 (0.
520 2714 602 2778 dixit
609 2739 618 2790 3
636 2714 788 2797 moneyis)
804 2715 893 2776 Mab.
913 2721 941 2790 1,
958 2719 1031 2774 237.
1046 2711 1149 2795 yosyn
1165 2729 1261 2770 aoruc

112 2813 299 2901 (interrogare
311 2819 417 2903 coepit
425 2842 435 2894 3
451 2822 563 2903 yornc)
579 2826 607 2896 1,
623 2825 653 2880 2.
673 2819 699 2882 n'
715 2819 839 2903 aylywy
853 2821 903 2899 (tu
914 2816 1023 2880 audies
1032 2841 1041 2892 3
1057 2816 1171 2900 clywy)
1187 2821 1216 2889 1,
1228 2817 1257 2873 8.

108 2915 181 2991 Item
193 2934 262 3006 post
277 2923 357 2988 alias
369 2923 540 3006 particulas
553 2924 686 2986 verbum
697 2921 895 2996 comitantes,
910 2941 938 2982 e.
953 2941 1001 3003 gr.
1013 2941 1102 3002 pan:
1116 2914 1261 2981 lardoch

108 3043 142 3085 to
152 3027 372 3114 ywendwynar
379 3051 450 3110 pon
466 3051 510 3092 nn
525 3028 655 3112 hordas
664 3025 843 3110 (gratiosior
854 3047 951 3108 quam
966 3023 1027 3087 fuit
1039 3024 1096 3100 G„
1111 3043 1184 3085 cum
1198 3020 1261 3083 ruit

107 3129 334 3215 gratiosissima)
355 3133 444 3196 Mab.
466 3141 500 3211 1,
519 3141 550 3196 4.
579 3133 638 3218 dyt
654 3155 726 3216 pon
746 3154 787 3195 on
816 3131 939 3195 donner
959 3131 1028 3214 dyd
1046 3131 1161 3211 (usque
1187 3147 1261 3194 cum

109 3245 180 3297 esset
198 3237 358 3321 meridies)
376 3245 406 3316 3,
427 3243 499 3300 263.
524 3237 632 3320 aphan
652 3239 785 3302 welsnnt
807 3238 941 3319 (etcum
955 3235 1118 3316 viderunt)
1137 3240 1165 3309 1,
1185 3237 1257 3297 236.

181 3342 347 3406 Cornice
364 3353 437 3426 post
445 3367 476 3420 a,
479 3363 562 3426 pon,
573 3365 665 3428 noy:
676 3365 727 3428 yn
738 3341 1102 3423 armos(clamarerunt;
1115 3339 1260 3422 yormos)

110 3440 187 3508 Paos.
202 3452 253 3524 42,
268 3455 299 3510 4.
317 3471 361 3511 on
376 3448 516 3532 anyhans
527 3469 549 3509 a
558 3469 701 3530 ynneros
713 3450 896 3530 (argentum
907 3445 1035 3527 sumsit)
1054 3451 1125 3521 103,
1142 3449 1172 3506 2.
1189 3465 1212 3504 n
1225 3463 1261 3504 oe

109 3545 191 3632 (emt)
206 3551 249 3634 sq.
268 3575 340 3635 pan
358 3561 479 3637 yemert
499 3557 586 3636 (cum
600 3553 729 3636 sumsit)
746 3559 776 3629 3,
796 3558 826 3614 2.
845 3573 916 3634 pon
936 3552 1054 3635 ylcwaa
1069 3553 1157 3634 (cum
1171 3547 1260 3612 audi-

107 3649 223 3734 vit)11‚
243 3665 273 3720 1.
289 3659 470 3740 paranetas
492 3663 580 3742 (curn
593 3658 687 3740 vidit)
706 3665 756 3734 13,
776 3665 805 3720 1.
826 3663 877 3734 26,
898 3665 926 3720 1.
943 3680 1014 3741 pon
1036 3675 1157 3741 aynnos
1172 3657 1261 3736 (cum

108 3757 210 3842 voluit)
226 3769 256 3839 3,
275 3770 306 3825 4.
324 3785 397 3849 may
410 3765 540 3850 synnas
551 3768 608 3846 ’(ιιι
620 3764 729 3846 vellet)
746 3771 777 3840 4,
797 3770 827 3825 3.
853 3783 927 3848 may
939 3763 1047 3848 ferne
1060 3764 1112 3844 (ιιι
1126 3779 1261 3824 morere-

108 3869 165 3944 tur)
182 3873 251 3944 161,
273 3875 302 3930 1.
333 3869 398 3932 Sed
419 3871 458 3933 de
471 3891 543 3952 pan
564 3880 597 3932 et
617 3891 690 3954 may
708 3869 777 3953 jam
798 3878 990 3932 memoratus
1005 3877 1053 3930 est
1068 3887 1164 3948 supra
1179 3862 1261 3926 alius

108 3968 210 4033 modus
225 3974 280 4054 (A.
297 3973 327 4036 Ι.
349 3977 398 4056 7),
417 3974 470 4038 cui
491 3975 585 4038 debet
605 3973 680 4037 addi
694 3975 780 4058 quod
793 3984 866 4058 post
879 3995 954 4058 may
969 3995 987 4036 a
999 3994 1021 4056 y
1035 3967 1198 4054 primitiva
1212 3965 1260 4028 ιιι,

107 4072 223 4138 venitur
247 4075 290 4140 d.-
312 4099 386 4164 may
406 4079 496 4165 dylly
520 4082 571 4162 (ut
591 4081 712 4162 posset)
727 4080 767 4142 P.
789 4085 860 4154 189,
881 4081 911 4138 2.
933 4083 1004 4152 199,
1024 4082 1054 4136 3.
1077 4095 1151 4156 moy
1174 4069 1261 4134 dallo

110 4177 155 4252 ³²,
171 4185 200 4242 4·
217 4201 290 4267 noy
305 4184 390 4248 talla
407 4191 458 4262 ιο,
477 4192 507 4247 ι.
529 4191 600 4261 ιιι,
621 4189 651 4246 2.
674 4203 748 4268 may
764 4181 915 4264 talloayt
930 4183 983 4262 (ut
996 4175 1138 4262 possitis)
1155 4181 1208 4251 ιι,
1228 4181 1258 4240 ι.

110 4285 154 4358 aa,
171 4292 200 4347 ι.

184 4389 385 4458 Armorica
404 4395 482 4458 item
495 4405 569 4478 post
581 4395 754 4479 particulas
769 4392 910 4457 verbales
926 4413 959 4466 a,
977 4412 1022 4465 cz,
1040 4408 1122 4463 maz,
1133 4407 1225 4470 pan:
1242 4409 1263 4450 a

106 4509 195 4568 doun
210 4517 252 4560 an
268 4497 316 4562 det
329 4499 427 4580 (cadit
441 4503 595 4585 mundus)
611 4501 698 4564 Buh.
717 4507 769 4576 80,
786 4505 837 4562 21.
856 4507 911 4564 tan
925 4519 946 4560 a
958 4515 1035 4578 yoez
1050 4491 1147 4577 (ignis
1163 4491 1261 4574 cadit)
