3204 5084
669 437 866 482 rnnararro.
1323 420 1349 472 V

178 615 243 664 nos
262 599 301 664 et
310 590 498 663 Hibernos
515 587 665 684 linguae
679 588 936 660 commercium
954 611 999 660 ea
1016 593 1153 668 aetate,
1176 573 1245 657 nec
1260 607 1346 679 ergo

178 711 290 782 etiam
316 717 437 780 aetate
455 705 572 778 multo
589 707 808 791 vetustiore,
833 706 1000 799 quamvis
1018 713 1212 796 utramque
1231 701 1346 774 diale-

176 835 277 899 ctum
286 827 348 898 vel
355 826 522 920 linguam
538 824 620 921 (hac
630 849 723 897 voce.
735 825 834 896 enim
846 834 930 898 utar
941 822 1106 896 consulto
1117 823 1167 893 ob
1178 823 1275 894 hanc
1288 821 1344 892 di-

176 944 396 1040 versitatem)
418 968 465 1015 ex
482 967 557 1014 uno
575 941 676 1014 fonte
693 951 810 1014 ortam
827 967 903 1014 esse
921 942 1017 1014 clare
1034 947 1173 1035 pateat.
1203 938 1345 1012 Poterit

175 1062 350 1134 affirmari
375 1063 492 1159 major
517 1061 724 1134 differentia
748 1063 845 1134 inter
866 1061 1031 1156 linguam
1053 1057 1283 1130 hibernicam
1307 1065 1345 1128 et

175 1180 438 1263 britannicam,
470 1203 581 1271 quam
598 1180 696 1251 inter
719 1179 926 1252 scandicam
947 1183 1130 1248 vetustam
1147 1175 1206 1246 vel
1231 1173 1343 1246 islan-

175 1301 297 1370 dicam
314 1307 353 1370 et
369 1306 507 1369 ceteras
525 1297 750 1392 germanicas
775 1295 969 1376 dialectos,
1000 1293 1064 1364 vix
1090 1299 1213 1364 tamen
1240 1299 1344 1362 tanta

174 1423 316 1508 quanta
337 1415 482 1486 obtinet
507 1415 605 1486 inter
628 1414 795 1508 linguam
818 1411 1034 1484 lituanioam
1058 1409 1118 1480 vel
1143 1408 1342 1502 pmssioam

174 1542 356 1605 vettrstam
374 1540 413 1605 et
430 1532 614 1604 clavicam.

275 1649 460 1721 Gallicam
477 1657 602 1721 autem
619 1647 786 1743 linguam
803 1649 970 1744 priscam,
1002 1671 1097 1742 quae
1114 1655 1197 1742 post
1213 1646 1341 1719 interi-

174 1777 254 1841 tum
271 1767 419 1861 imperii
436 1767 687 1838 Romanorum
712 1757 749 1839 et
775 1767 1000 1840 invasionem
1018 1768 1243 1838 Francorum
1260 1789 1342 1838 sen-

172 1887 242 1958 sim
267 1886 376 1956 cessit
397 1908 513 1957 novae
538 1885 745 1956 romanicae
769 1894 869 1958 ortae
897 1887 937 1956 in
954 1884 1166 1980 regionibus
1183 1883 1336 1978 gallicis,

171 2005 205 2076 si
227 2027 303 2073 non
326 2001 399 2074 fuit
424 2002 553 2072 eadem
577 2025 662 2073 oum
685 2002 904 2086 britannica,
937 2000 1025 2072 huic
1048 2009 1172 2072 tamen
1188 2000 1341 2072 vicinio-

171 2144 254 2192 rem
269 2117 394 2204 fuisse,
417 2145 530 2212 quam
541 2120 765 2200 hibernicae,
788 2121 880 2190 haec
892 2118 1107 2213 praesertim
1115 2120 1334 2190 ostendunt:

282 2239 315 2309 1.
345 2237 596 2333 Congruentia
612 2263 783 2310 sonorum
801 2239 1043 2330 quorundam,
1065 2237 1201 2329 quibus
1218 2235 1341 2308 differt

170 2354 376 2440 hibernica,
398 2379 431 2427 e.
450 2380 505 2450 gr.
527 2355 567 2426 in
580 2357 789 2427 nominibus
807 2355 948 2450 gallicis
967 2355 1112 2438 Litana,
1136 2354 1334 2436 Litavicus,

172 2496 270 2566 quae
284 2481 369 2543 sunt
386 2473 507 2542 adhuc
517 2473 721 2544 britannice
740 2473 813 2568 adj.
832 2474 931 2552 litun,
949 2474 1063 2544 subst.
1082 2473 1182 2555 timo,
1205 2475 1270 2544 sed
1281 2473 1339 2544 hi-

157 2591 321 2680 ,bernice
330 2591 457 2671 lothan,
473 2589 575 2670 aaa,
590 2614 685 2681 quae
698 2589 865 2683 inprimis
878 2589 1182 2662 animadvertitur
1189 2591 1230 2662 in
1241 2591 1339 2660 voci-

170 2709 241 2778 bus
253 2707 396 2801 galliois
414 2706 700 2788 et-britanniois,·
718 2731 752 2776 e.
770 2731 824 2800 gr.
843 2709 884 2780 in
896 2707 1080 2792 Petuaria,
1103 2709 1333 2801 petorritum,

170 2821 411 2918 pempedula,
442 2825 631 2895 Penninus
650 2825 757 2904 deus,
789 2824 1000 2895 Penninum
1013 2825 1168 2919 jugum,
1190 2825 1332 2917 Epona,

171 2939 380 3034 Eporedici,
401 2941 789 3034 Epomanduodurum‚
818 2939 1120 3011 convenientibus
1140 2965 1225 3013 curn
1240 2963 1337 3012 cam-

169 3057 280 3128 bricis
290 3067 422 3152 petitor
442 3057 621 3153 (quatuor)
637 3115 644 3140 ,
659 3062 761 3154 pimp
783 3055 985 3154 (quinque),
1000 3080 1099 3152 pena
1119 3057 1273 3155 (caput),
1296 3083 1336 3156 cp

168 3176 209 3246 in
227 3173 343 3244 deriv.
366 3176 488 3269 cpont,
517 3175 620 3246 aaa
638 3173 799 3272 (pullus),
836 3178 925 3246 dum
951 3174 1139 3245 hibernico
1156 3183 1212 3247 est
1228 3202 1266 3258 c,
1296 3177 1336 3247 ct

167 3315 275 3385 prop
292 3289 333 3360 in
350 3291 492 3374 iisdem,
516 3301 558 3362 ut
576 3293 683 3364 cathir
701 3291 904 3387 (quatuor),
927 3295 999 3364 otio
1017 3273 1222 3389 ¹(quinque),
1251 3317 1336 3364 cena

170 3407 321 3504 (caput),
353 3409 412 3479 ccl
437 3407 592 3504 (equus).
633 3409 720 3479 Nou
742 3410 901 3480 concedo
919 3409 1164 3481 differentiam
1181 3409 1336 3505 gallicae

166 3525 318 3620 linguae
335 3549 358 3595 a
374 3523 582 3596 britannica
605 3533 643 3595 et
670 3525 948 3620 congruentiam
972 3551 1057 3598 cum
1081 3527 1272 3598 hibernica
1295 3528 1336 3599 in

166 3641 351 3734 particula
372 3664 442 3711 sn·
469 3641 510 3712 in
533 3641 742 3735 'compositis
761 3643 990 3728 Suessiones,
1020 3644 1215 3728 Suanetes,
1249 3669 1334 3717 oum

166 3760 296 3829 eadem
314 3781 387 3829 vox
404 3757 452 3828 sit
469 3757 659 3830 hibernioe
676 3783 760 3841 su-,
784 3783 861 3843 so-,
891 3759 1096 3834 britannice
1113 3769 1237 3833 autem
1256 3763 1328 3845 Ιιο-,

21 3973 23 3976 ¹
165 3877 237 3959 lta,
267 3877 343 3970 lya
390 3873 501 3945 Hanc
527 3875 627 3947 enim
651 3879 674 3948 Ιι
695 3901 804 3972 pros
832 3901 909 3950 esse
934 3878 1077 3950 serioris
1101 3879 1252 3973 originis
1278 3889 1333 3952 at-

26 4029 34 4046 ·
165 4016 239 4085 que
263 4017 284 4062 s
305 3991 531 4084 primitivam
553 3995 754 4068 obtinuisse
777 3998 878 4091 apud
900 3997 1095 4069 Britannos
1120 3997 1241 4068 adhuc
1258 3996 1334 4066 Ro-

165 4132 359 4181 manorum
377 4118 512 4192 aetate,
536 4111 643 4181 docet
668 4135 802 4183 nomen
821 4113 926 4185 fluvii
947 4113 1121 4193 Sabrina.
1145 4115 1244 4204 quod
1267 4137 1333 4208 po-

164 4227 334 4298 steriores
353 4226 523 4297 Britanni
541 4235 579 4297 et
594 4227 764 4299 hodierni
780 4227 972 4321 proferunt
989 4229 1134 4325 Hasren
1155 4229 1205 4325 (p.
1230 4231 1328 4327 144),

166 4351 208 4413 ut
225 4367 363 4416 nomen
379 4343 510 4436 populi
526 4343 613 4414 brit.
631 4349 826 4435 Σελγοοῦαι
849 4348 949 4439 apud
965 4347 1062 4418 Ptol.
1084 4357 1204 4420 servat
1221 4349 1334 4420 etiam
1398 4426 1403 4435 ,

165 4461 309 4553 sprot
334 4461 503 4535 hodierni
529 4439 753 4536 abactas.
775 4464 851 4544 aa,
885 4464 962 4558 rtet]
983 4463 1138 4558 nibem.
1160 4467 1252 4561 aa,
1275 4487 1338 4536 va
1456 4480 1457 4483 ‘
