3184 5078
451 365 480 426 1.
512 371 540 425 1.
586 383 756 428 consortes
770 383 937 428 ersmers.
1235 367 1278 430 45

102 560 150 622 gr.
174 528 367 620 arastes*
389 533 511 596 hibern.
537 533 617 596 deor
637 531 740 615 (goth.
758 533 915 611 dauhtar,
935 534 1012 598 slav.
1038 535 1200 610 desecam-
1223 537 1278 598 sed

104 666 152 728 gr.
169 636 336 727 θυγάτηρ.
365 641 407 704 In
421 637 525 702 medio
540 647 572 700 et
587 639 669 700 fine:
688 637 827 702 britann.
841 640 924 716 med,
938 641 1032 704 medo
1047 643 1159 724 (germ.
1174 642 1276 718 medo,

104 749 179 812 lith.
198 748 332 820 medm,·
346 747 402 808 sed
416 767 463 827 gr.
477 739 590 826 μέθυ).
606 745 670 806 aed
683 746 729 824 (n.
743 767 792 828 pr.
810 745 949 823 hibern,
967 747 1008 824 ολ,
1021 747 1136 823 Aedui,
1151 747 1276 810 hibern.

107 853 212 929 aodb,
230 851 336 934 ignis,
355 861 388 914 et
401 873 449 933 gr.
468 843 623 936 αἰθίοψ).
654 850 717 912 Pro
740 851 971 916 combinatione
988 863 1094 916 tomen
1109 852 1279 936 originaria

107 960 161 1025 thr
181 957 360 1040 incipiente
381 955 491 1037 regula
511 975 577 1018 non
600 965 722 1017 servata
737 965 882 1019 aestuate
896 957 1144 1040 deprehenditur
1158 958 1192 1022 in
1207 957 1275 1022 his:

107 1065 236 1128 hibern.
260 1072 324 1124 vet.
350 1059 413 1143 adj.
439 1068 540 1135 fresa,
560 1068 661 1122 tressa
684 1059 820 1143 (fortior)
842 1061 902 1126 Ml.
922 1064 1019 1139 Wb.,
1041 1065 1158 1126 cambr.
1185 1061 1280 1126 outa

109 1171 242 1252 (auda,
261 1169 442 1248 strenuus),
458 1166 543 1247 quod
557 1164 612 1227 vix
627 1164 731 1228 differt
748 1187 768 1228 a
781 1188 830 1249 gr.
848 1162 998 1252 θρασύςι
1022 1167 1056 1232 in
1071 1169 1138 1231 rad.
1158 1176 1229 1251 frop
1243 1167 1279 1230 in

109 1297 186 1338 voce
198 1272 315 1356 gallica
326 1280 451 1334 vetusta
462 1279 627 1353 vertrwus
640 1280 673 1334 et
684 1269 808 1335 hibern.
820 1283 883 1336 vet.
899 1273 983 1356 trar'y
995 1275 1090 1356 (pes),
1104 1271 1280 1355 traiqatoot

110 1381 168 1463 (gl.
193 1380 359 1462 pedester3
390 1376 430 1438 of.
455 1399 488 1458 p.
508 1379 559 1458 6),
585 1373 613 1438 si
640 1376 801 1439 oonferttn
831 1399 879 1460 gr.
907 1375 1030 1464 τρέχω,
1060 1371 1169 1462 τράχω
1199 1376 1274 1458 (fut.

110 1481 292 1570 θρέξομαι,
308 1476 505 1566 θράξομαι),
518 1491 551 1544 et
564 1481 654 1563 goth.
670 1481 821 1565 thramite
837 1484 1000 1567 (currere).
1026 1484 1067 1548 In
1082 1483 1198 1567 quibus
1210 1504 1280 1566 sep·

111 1589 321 1655 tentrionales
337 1597 378 1664 tr,
397 1587 450 1650 thr
464 1587 616 1650 exhibent
630 1608 688 1670 pro
703 1587 754 1650 dr.

197 1693 349 1777 Aspirota
362 1691 545 1775 gutturalis,
562 1691 598 1754 in
612 1690 720 1756 initio:
739 1692 863 1756 hibern.
881 1705 944 1757 vet.
960 1692 1060 1778 paim,
1078 1694 1195 1758 cambr.
1213 1703 1277 1756 vet.

108 1823 205 1886 poem
227 1800 299 1882 (hat.
318 1799 436 1874 hiems,
459 1820 507 1881 gr.
532 1798 656 1880 χεῖμα).
672 1798 796 1862 hibern.
820 1809 975 1883 ratpert
993 1799 1042 1882 (in
1065 1799 1121 1882 Sg.
1144 1796 1198 1861 92⁵
1214 1797 1281 1862 lub-

108 1905 247 1991 partdir‚
264 1905 310 1988 gl.
325 1903 443 1986 alitor),
457 1905 575 1966 cambr.
590 1904 700 1986 qardd
713 1903 815 1986 (goth.
831 1907 926 1988 φανῶ,
944 1905 1022 1968 slav.
1038 1906 1142 1990 qrad,·
1160 1905 1215 1966 sed
1229 1925 1278 1986 gr.

112 2007 247 2098 χόρτος,
270 2011 327 2074 lat.
346 2010 480 2092 hortus).
512 2009 554 2072 In
575 2009 680 2072 medio
695 2019 727 2070 et
746 2009 828 2071 fine:
854 2009 977 2073 hibern.
1001 2021 1065 2074 vet.
1084 2011 1146 2095 lips
1161 2011 1219 2092 (gl.
1237 2011 1281 2074 le-

112 2129 204 2194 ctus,
221 2117 267 2200 gl.
286 2119 388 2198 torus)
406 2115 461 2198 Sg.
481 2112 546 2177 52¹².
564 2119 636 2176 10⁷·
652 2113 754 2197 (goth.
774 2113 879 2197 lapan,
897 2115 1019 2198 jaoere,
1038 2128 1071 2180 et
1085 2117 1185 2180 subst.
1204 2115 1280 2199 liqr,

112 2223 235 2297 leems;
254 2221 333 2284 slav.
351 2222 437 2284 verb.
456 2221 556 2303 h'aqu,
576 2217 703 2295 lectas,
720 2219 836 2302 jacere,
854 2221 954 2283 subet.
974 2221 1072 2298 loebe,
1089 2222 1208 2296 lectus3
1227 2221 1284 2284 sed

112 2350 161 2410 gr.
185 2323 308 2408 λέχος).
330 2325 455 2388 hibern.
472 2335 536 2394 vet.
562 2323 650 2408 b'pa'm
666 2324 758 2405 (slav.
781 2325 889 2402 lazari,
907 2347 955 2408 gr.
973 2321 1111 2406 λείχειν,
1133 2326 1280 2408 lingere).

114 2431 241 2496 bibem.
260 2445 323 2494 vet.
342 2429 479 2514 apathar
494 2429 617 2512 (timet;
640 2451 688 2512 gr.
708 2420 849 2514 ἔχεται).
881 2432 933 2494 Ad
947 2431 1085 2494 radicem
1101 2441 1172 2515 trop
1187 2451 1285 2515 supra

110 2537 179 2621 jem
194 2559 244 2619 gr.
261 2531 388 2622 τρέχειν
402 2535 553 2598 collatum
567 2545 631 2610 est3
657 2555 731 2598 cum
749 2534 873 2599 hibern.
890 2547 954 2600 vet.
972 2537 1082 2620 alnay,
1100 2537 1216 2600 cambr.
1236 2535 1284 2600 tto

114 2645 172 2724 (=
188 2643 255 2726 lup,
273 2643 403 2726 agmen)
417 2640 523 2704 forsan
537 2651 570 2704 et
583 2661 631 2724 gr.
649 2635 747 2720 λόχος
761 2644 1015 2725 comparandam.

202 2751 264 2812 Est
287 2747 449 2810 interdum
474 2745 640 2808 alternatio
667 2747 777 2829 organi
799 2746 834 2809 iu
858 2747 970 2810 mediis
996 2745 1126 2811 celticis.
1141 2745 1217 2809 ortis
1243 2766 1284 2806 ex

112 2853 276 2939 aspiratis,
294 2874 323 2914 e.
340 2873 388 2934 gr.
407 2851 500 2934 dpro
515 2851 533 2913 b
549 2850 583 2914 in
599 2851 723 2914 hibern.
741 2852 838 2928 dofle,
857 2853 974 2914 cambr.
993 2851 1094 2926 delen,
1111 2849 1187 2932 gall.
1206 2847 1284 2912 dala

112 2962 148 3024 in
162 2959 297 3023 nomine
311 2957 426 3020 herbae
441 2951 659 3036 πεμπεδουλά
674 2979 725 3039 ap.
740 2957 898 3032 Diosoor.,
917 2956 944 3019 si
959 2956 1118 3020 confertur
1132 2977 1180 3038 gr.
1199 2949 1285 3041 φύλ-

113 3067 183 3146 λον,
200 3066 260 3128 lat.
280 3063 422 3148 foliam,
448 3083 547 3144 germ.
566 3061 653 3135 blaa·
677 3063 794 3125 cambr.
812 3073 876 3125 vet.
894 3063 979 3139 datr,
1005 3061 1128 3124 bibem.
1146 3069 1209 3122 vet.
1228 3059 1287 3122 dat

114 3171 261 3253 (concio,
285 3167 407 3242 forum3
430 3166 520 3248 goth.
543 3166 664 3242 naothf,
688 3166 774 3230 idem
795 3167 989 3251 significans,
1012 3188 1070 3251 pro
1094 3165 1233 3248 battle),
1258 3163 1286 3226 si

114 3273 368 3360 comparandum
387 3293 435 3354 gr.
455 3265 548 3358 φάω,
573 3266 695 3358 φανός,
713 3268 830 3360 φάτις,
847 3273 953 3336 forsan
974 3284 1006 3336 et
1027 3273 1084 3335 lat.
1105 3271 1232 3356 sorum.
1255 3271 1286 3332 G

114 3405 173 3466 pro
189 3382 207 3444 b
222 3379 260 3442 in
274 3377 378 3440 hisce:
405 3376 528 3439 hibern.
544 3377 664 3460 ychen,
682 3380 799 3442 cambr.
815 3379 881 3462 pos
894 3379 948 3460 (of.
967 3388 1083 3442 vetust.
1101 3399 1188 3440 nom.
1205 3375 1282 3459 gall.

120 3483 293 3552 Gabonita
303 3505 356 3566 ap.
370 3483 491 3564 Caes),
506 3482 533 3544 si
547 3483 708 3546 confertur
721 3479 777 3546 la't.
787 3483 908 3567 sobam·
923 3483 1089 3566 poithimm
1105 3483 1163 3565 (gl.
1177 3481 1285 3561 firmo)

117 3593 188 3674 Sg„
206 3589 327 3653 cambr.
342 3588 476 3672 qodineb
493 3587 672 3668 (fornicatio
680 3611 689 3662 ;
708 3587 835 3670 utrique
848 3589 957 3651 subest
971 3588 1062 3651 radix
1074 3589 1153 3670 pot),
1168 3584 1196 3646 si
1211 3605 1285 3647 con·

117 3697 217 3760 fertur
239 3695 296 3756 lat.
316 3693 428 3777 fatuo.
462 3693 547 3757 Sunt
566 3715 659 3778 porro
681 3704 714 3756 et
728 3693 945 3756 intermedias
961 3703 1136 3774 tenuesque
1150 3691 1287 3754 alterna-

119 3802 221 3866 tiones
243 3800 399 3883 quaedam
419 3798 529 3862 obviae
556 3810 666 3862 eontra
687 3819 888 3862 communem
909 3798 1069 3882 regulam,
1093 3795 1227 3881 partim,
1251 3804 1288 3856 ut

123 3990 333 3999 ...ψ-

186 4117 199 4144 ⁰
217 4113 319 4168 literis
338 4114 508 4185 uanspositis
527 4113 634 4181 celtice,
656 4123 688 4170 ut
706 4117 811 4172 hibern.
829 4117 927 4169 ἀονιιννι
943 4142 978 4160 =
996 4115 1043 4168 lat.
1057 4111 1185 4175 mundus,
1206 4109 1288 4162 daber

123 4199 210 4271 (W)
224 4227 259 4244 =
272 4215 360 4270 Sefm'·
374 4204 469 4263 water,
480 4199 546 4254 slav.
557 4202 631 4254 woda
646 4202 671 4272 (b
683 4219 731 4272 pro
744 4203 789 4274 ao).
809 4203 890 4255 Addo
902 4219 999 4254 armor.
1015 4205 1078 4252 brou
1092 4196 1200 4266 (vallis),
1215 4194 1288 4264 quod

121 4283 184 4338 alias
202 4291 244 4338 est
261 4287 344 4348 nant,
359 4283 485 4352 frequens
504 4285 614 4338 obvium
632 4285 661 4339 in
675 4287 782 4350 Buhez,
797 4287 844 4340 ubi
860 4289 923 4349 126,
941 4289 970 4336 15
990 4291 1031 4336 est
1048 4283 1129 4335 etiam
1147 4279 1244 4333 rnauial
1253 4307 1288 4324 ==

120 4369 291 4440 damoeynm
319 4369 429 4422 Armor.
449 4374 503 4420 vet.
530 4369 625 4422 boiam
648 4388 755 4441 quoque
776 4370 885 4440 (cambr.
906 4368 1017 4432 dataro,
1039 4367 1148 4437 ferrum)
1176 4371 1217 4418 est
1240 4384 1289 4437 pro

119 4455 364 4518 atumem
380 4451 463 4504 ham.
