3204 5084
622 451 819 496 Pnnnrsrro.
876 522 881 531 Ι
1174 438 1312 496 XXXIII

138 606 193 703 (ut
210 605 253 678 in
271 604 393 700 prima
409 606 546 701 pagina
562 606 756 700 utriusque
774 605 908 678 codicis
926 607 1054 678 assent
1071 615 1216 680 vetusta
1233 630 1311 678 ma-

135 725 234 818 nus),
252 723 372 797 multo
385 723 733 817 parciores-exhibet
746 725 882 821 glossas
901 726 948 796 ad
966 733 1109 798 textum
1127 749 1309 821 gramma-

10 857 11 862 ’
135 843 200 917 tici
218 843 316 916 etin
334 850 438 936 parte
458 849 602 914 tantum
627 843 760 914 codicis
778 844 825 916 ab
843 841 951 914 initio
975 867 1092 937 usque
1110 845 1157 916 ad
1176 845 1254 930 64¹3
1288 867 1310 914 a

138 957 201 1034 64¹²
218 984 339 1053 usque
356 963 405 1032 ad
427 961 498 1033 103
516 959 621 1032 nulla
637 961 795 1056 amplius
812 960 921 1032 obvia
938 971 1005 1034 est.
1048 963 1095 1036 In
1113 971 1216 1057 parte
1234 985 1310 1034 una

135 1079 341 1176 glossamm
359 1079 531 1175 congruit
557 1103 641 1151 cum
660 1078 846 1151 Prisciano
865 1078 992 1154 Sancti
1015 1079 1135 1162 Galli,
1166 1089 1209 1152 ut
1225 1104 1308 1174 pos-

135 1198 185 1271 sit
199 1197 321 1270 videri
344 1199 521 1270 oriundus
547 1198 595 1269 ab
621 1221 665 1270 eo
690 1205 728 1270 et
751 1219 829 1270 csse
852 1197 1063 1270 recentioris
1086 1198 1233 1281 aetatis,
1268 1197 1308 1270 in

134 1325 241 1412 parte
259 1317 377 1388 altera
394 1325 519 1388 tamen
536 1323 592 1388 est
609 1315 666 1388 sui
685 1315 801 1410 ipsius
818 1314 961 1388 arbitrii
978 1323 1017 1388 et
1033 1315 1140 1390 offert
1156 1317 1309 1390 adnota-

134 1433 268 1518 tiones,
292 1457 383 1526 quas
400 1433 518 1506 nescit
534 1435 652 1506 codex
670 1434 796 1508 Sancti
813 1432 928 1508 Galli.

240 1553 279 1624 6.
308 1552 436 1625 Codex
454 1551 581 1624 Sancti
598 1552 700 1624 Galli
718 1577 756 1626 n.
784 1553 892 1635 1395,
916 1550 1107 1626 continens
1123 1551 1309 1648 fragmen·

135 1681 258 1744 torum
282 1697 304 1744 e
327 1670 514 1744 codicibus
531 1670 684 1744 vetustis
712 1670 964 1743 collectionem
990 1668 1124 1744 factam
1143 1673 1190 1744 ab
1209 1671 1308 1743 Ilde-

133 1787 241 1861 fonso
259 1791 307 1860 ab
321 1790 403 1860 Arx
419 1788 665 1861 bibliothecae
683 1788 878 1882 praefecto
900 1789 939 1862 in
958 1788 1048 1862 tomi
1066 1787 1108 1860 Il
1124 1788 1213 1862 folio
1232 1789 1305 1862 419

134 1907 245 1980 offert
260 1907 555 1980 incantationum
572 1906 747 1980 formulas
768 1907 987 1989 hibernicas,
1016 1907 1168 2000 quaein
1187 1909 1307 2002 capite

134 2027 182 2098 de
205 2025 479 2098 constructione
506 2026 652 2120 poetica
677 2027 772 2122 typis
796 2049 988 2122 expressae
1011 2034 1098 2098 sunt
1122 2025 1172 2121 (p.
1200 2029 1301 2123 926),

10 2207 14 2222 .
133 2141 365 2239 significatae
382 2142 423 2215 in
440 2144 510 2216 boc
528 2167 637 2238 opere
655 2146 800 2216 Incant.
823 2145 887 2240 Sg.

241 2261 279 2330 I.
309 2259 434 2334 Codex
457 2261 616 2334 civitatis
638 2261 910 2336 Cameracensis
933 2261 1127 2336 distinctus
1153 2287 1191 2336 n.
1215 2264 1301 2348 619,

134 2379 198 2452 cui
215 2377 345 2452 insunt
361 2379 529 2452 Canones
546 2380 728 2453 hibernici
745 2380 892 2454 concilii
909 2405 944 2452 a.
970 2381 1056 2464 684,
1078 2382 1118 2454 in
1136 2407 1212 2454 uno
1229 2381 1306 2455 solo

132 2497 216 2570 loco
232 2497 274 2568 in
291 2497 413 2569 medio
429 2497 524 2570 libro
542 2508 662 2572 servat
685 2499 860 2572 sermonis
883 2499 1065 2572 hibernici
1082 2501 1129 2572 de
1146 2502 1307 2596 abnega-

134 2616 237 2688 tione
260 2613 508 2711 fragmentum
531 2617 787 2690 intermixtum
817 2618 1009 2691 sententiis
1032 2619 1170 2692 latinis.
1209 2617 1306 2690 Con-

133 2741 207 2806 stat
225 2735 273 2806 de
290 2743 410 2807 aetate
428 2735 581 2822 codicis;
610 2735 694 2807 finit
711 2735 810 2808 enim
827 2735 885 2808 his
902 2737 1042 2808 verbis:
1067 2737 1155 2830 “qui
1177 2736 1307 2808 dicunt

133 2851 228 2924 mihi
258 2875 353 2948 euge
380 2877 486 2949 euge.
542 2851 654 2947 Expl.
682 2853 776 2926 liber
800 2877 984 2926 canonum
1009 2877 1121 2946 quem
1150 2855 1307 2924 domnus

132 2971 331 3043 Albericus
357 2971 549 3066 episcopus
565 2971 667 3043 urbis
685 2970 996 3044 Camaracinsium
1020 2980 1058 3043 et
1080 2971 1306 3042 Adrabatin-

131 3091 229 3161 sium
247 3089 330 3160 fieri
346 3089 490 3184 rogavit
500 3091 581 3161 Deo
599 3089 735 3184 gratias
744 3091 901 3160 Amen.”
930 3089 1096 3161 Praefuit
1114 3089 1305 3183 episcopus

132 3207 332 3278 Albericus
350 3209 397 3280 ab
420 3233 454 3279 a.
477 3207 550 3280 763
569 3231 686 3300 usque
705 3209 752 3279 ad
769 3233 803 3278 a.
818 3209 891 3279 790
906 3207 1061 3280 circiter.
1093 3209 1212 3280 Locus
1225 3208 1304 3304 jam

132 3325 231 3422 typis
261 3325 459 3418 impressus
490 3335 545 3398 est
575 3328 674 3420 apud
698 3325 897 3409 Pertzium,
927 3327 967 3398 in
995 3327 1113 3420 operis
1137 3324 1305 3419 inscripti

130 3442 297 3514 “Archiv
326 3445 363 3514 d.
392 3443 596 3516 Gesellsch.
630 3441 690 3515 fur
719 3444 832 3516 ‘altere
863 3446 1037 3517 deutsche
1068 3445 1304 3517 Geschichts-

131 3560 283 3634 kunde’'
305 3569 332 3632 t.
355 3561 397 3646 8,
419 3587 457 3656 p.
481 3563 568 3634 432.
591 3561 678 3644 433,
703 3563 767 3633 ubi
792 3571 913 3634 tamen
933 3563 1204 3646 Bethmannus‚
1238 3564 1304 3655 qui

131 3681 279 3753 codices
296 3677 577 3751 Cameracenses
597 3703 631 3750 a.
659 3680 750 3750 1841
772 3679 952 3762 lustravit,
982 3682 1199 3774 scripturam
1224 3683 1303 3777 ejus

130 3797 270 3870 codicis
287 3796 393 3869 malit
409 3806 540 3891 putare
554 3821 631 3869 esse
646 3795 783 3869 saeculi
798 3797 899 3868 noni.
931 3799 1018 3869 Post
1033 3823 1118 3869 eum
1133 3799 1303 3871 O’Dono-

63 3973 67 3980 .
130 3939 250 3988 vanus
265 3913 443 4006 (Gramm.
463 3917 607 3988 hibern.
625 3917 767 3986 Introd.
779 3917 892 4012 LIII)
913 3919 1115 3989 secundum
1128 3918 1303 3988 imitatio-

131 4057 217 4105 nem
231 4031 460 4128 publicatam
474 4058 496 4107 a
508 4034 551 4104 O.
563 4035 607 4105 P.
621 4033 773 4127 Coopen
790 4035 981 4106 secretario
996 4034 1178 4106 societatis
1192 4035 1303 4103 eden-

130 4151 187 4224 dis
215 4151 385 4247 anglicae
408 4152 581 4224 historiae
599 4152 857 4234 monumentis,
887 4175 998 4243 quam
1024 4173 1092 4246 ego
1116 4175 1189 4222 non
1211 4150 1297 4233 vidi,

136 4271 300 4342 codicem
318 4270 409 4341 item
427 4270 572 4341 saeculo
592 4279 720 4342 octavo
737 4269 911 4342 vindicat.
961 4271 1006 4340 In
1025 4268 1194 4338 manibus
1212 4270 1302 4340 meis

132 4397 186 4460 est
202 4387 364 4460 imitatio
382 4387 422 4458 in
440 4389 566 4460 charta
582 4387 785 4482 pellucida,
813 4410 928 4479 quarn
946 4380 1062 4458 debeo
1081 4385 1226 4468 Manio,
1251 4389 1298 4458 V.

132 4503 203 4588 CI„
232 4506 293 4578 cui
313 4505 469 4594 eandem
493 4505 629 4578 obtulit
647 4507 698 4574 W
699 4503 898 4596 arnkttnig‚
938 4503 1102 4646 Lovffl
1118 4507 1304 4594 quondam
