3204 5084
275 401 441 462 XXXVIII
763 415 960 459 rassrsrro.

380 570 509 641 Trium
526 568 766 640 dialectorum
779 569 957 662 amphora
974 575 1215 640 monumenta
1231 567 1382 640 demum
1401 593 1447 640 ex

277 712 352 759 uno
370 690 573 780 eodemque
596 696 760 781 tempore
778 687 923 760 circiter
947 695 1113 770 exstant,
1148 685 1294 758 saeculo
1317 697 1448 778 quarto

277 807 436 884 decimo.
472 807 567 902 typis
591 807 767 899 impressa
785 807 864 902 jam
888 806 1028 890 omnia,
1063 805 1289 878 narrationes
1313 805 1449 878 codicis

277 925 380 996 rubri
397 925 612 1008 cambrione,
635 925 753 1018 passio
765 925 902 1022 Christi
920 924 1066 996 cornice
1082 933 1121 996 et
1139 923 1215 996 vita
1232 922 1449 996 artonitae

278 1043 465 1126 armorica,
489 1067 536 1116 ex
553 1043 689 1134 quibus
706 1066 802 1135 quae
820 1042 1030 1116 defecerant
1047 1051 1369 1115 monumentorum
1387 1067 1450 1115 ve-

279 1161 441 1232 tustioris
460 1162 590 1234 aetatis
609 1162 780 1255 penuria,
810 1162 1016 1257 supplenda
1038 1170 1143 1233 erant
1165 1161 1206 1232 in
1229 1162 1299 1232 hoc
1323 1185 1446 1256 opere.

279 1279 364 1350 Hos
385 1279 527 1352 codices
549 1280 609 1352 vel
633 1301 759 1352 eorum
784 1280 964 1352 editiones
993 1281 1216 1352 enumerabo
1246 1281 1450 1352 secundum

278 1397 452 1471 dialectos
470 1398 579 1492 ipsas.

379 1565 573 1638 Codices
598 1569 834 1641 cambrici.
876 1569 909 1640 1.
937 1566 1159 1638 Oxoniensis
1182 1565 1298 1660 prior:
1332 1569 1449 1639 codex

278 1685 501 1756 Oxoniensis
523 1685 768 1758 bibliothecae
794 1685 1017 1783 Bodlejauac
1043 1683 1237 1756 distinctus
1264 1687 1449 1777 quondam

278 1811 366 1873 nota
384 1803 467 1874 NE.
495 1803 544 1875 D.
564 1805 599 1876 2.
628 1805 685 1889 19,
707 1829 807 1876 nunc
825 1807 938 1878 Auct.
968 1805 1012 1876 F.
1037 1803 1190 1888 4-32,
1219 1805 1449 1876 membrana-

278 1941 364 1990 ceus
393 1918 531 1994 formae
562 1921 724 2006 minoris,
764 1947 785 1994 e
814 1921 982 2016 pluribus
1013 1921 1190 1995 codicillis
1221 1932 1443 2016 compactus¹

278 2037 481 2132 descriptus
494 2041 572 2137 jam
591 2067 613 2112 a
630 2039 804 2138 Waulejo
821 2041 862 2112 in
881 2039 997 2113 Catal.
1020 2065 1088 2112 ms.
1110 2037 1300 2136 anglosax.
1323 2041 1358 2124 2,
1383 2041 1445 2113 63.

278 2155 406 2229 Partes
424 2159 502 2254 ejus
520 2158 626 2230 nobis
643 2160 833 2232 materiam
851 2159 1127 2254 suppeditantes
1142 2167 1228 2232 sunt
1245 2159 1333 2230 hae:

381 2317 415 2364 a.
454 2294 629 2389 Eutychii
652 2295 882 2391 grammatici
913 2318 995 2388 pars
1025 2320 1109 2366 cum
1134 2293 1262 2390 glossis
1293 2293 1450 2367 cambri-

279 2409 331 2482 cis
348 2411 644 2486 interlinearibus
672 2439 802 2510 apag.
817 2407 868 2484 ·2''
893 2438 1009 2506 usque
1036 2417 1083 2486 ad
1107 2416 1141 2486 9·
1166 2413 1206 2484 in
1230 2411 1317 2484 libri
1340 2411 1449 2508 primi

279 2539 469 2626 segmenta
486 2533 519 2604 I.
542 2533 596 2604 ΙΙ.
620 2532 682 2603 ΙΙΙ
704 2531 773 2628 (cd.
799 2533 1044 2604 Lindemanni
1061 2557 1098 2626 p.
1128 2531 1350 2626 154-166).

382 2669 419 2738 b.
450 2668 575 2740 Ovidii
593 2668 681 2740 artis
699 2669 895 2740 amatoriae
909 2668 1101 2740 exordium
1118 2691 1239 2764 apag.
1254 2666 1313 2738 37·
1333 2690 1450 2760 usque

279 2787 326 2856 ad
358 2779 421 2858 45⁸
448 2786 538 2858 item
573 2786 772 2859 cambricas
795 2787 930 2883 glossas
960 2786 1212 2858 interlineares
1245 2784 1296 2878 (in
1326 2809 1451 2858 versus

281 2904 469 3002 31-370)
490 2907 694 2986 continens.

383 3042 479 3112 Sunt
496 3043 684 3135 praeclara
701 3044 792 3116 haec
810 3051 848 3116 et
871 3040 1133 3122 vetustissima,
1166 3063 1261 3132 quae
1287 3063 1363 3112 non
1381 3041 1452 3112 du-

279 3158 358 3230 bito
375 3159 466 3250 quin
485 3160 559 3231 sint
576 3160 741 3254 ejusdem
758 3161 888 3234 aetatis
912 3183 997 3232 cum
1014 3158 1269 3230 vetustissimis
1285 3159 1451 3231 hiberni-

279 3275 349 3358 cis,
378 3277 514 3348 saeculi
532 3278 651 3350 octavi
669 3279 839 3350 exeuntis
857 3278 916 3350 vel
933 3278 1023 3350 noni
1040 3276 1216 3350 ineuntis.
1259 3277 1306 3348 Id
1322 3276 1451 3350 dolen·-

280 3395 381 3478 dum,
404 3397 503 3487 quod
521 3419 596 3468 non
613 3405 700 3468 sunt
717 3397 929 3491 copiosiora.

382 3555 414 3602 c.
445 3529 699 3624 Alphabetum
717 3533 754 3604 N
756 3533 893 3604 emnivi
910 3533 950 3604 in
968 3557 1006 3626 p.
1030 3533 1090 3604 20·
1107 3533 1243 3628 figuras
1259 3530 1451 3604 literarum

279 3650 410 3722 sistens
444 3652 717 3743 earundemque
751 3651 901 3723 nomina
929 3650 1124 3723 cambriae.
1178 3650 1337 3745 Figurae
1363 3657 1451 3721 sunt

279 3767 416 3840 similes
433 3768 562 3864 figuris
579 3768 779 3854 literarum,
805 3793 900 3862 quae
918 3769 1093 3842 dicuutur
1115 3770 1310 3864 eoelbreay
1330 3767 1452 3840 barda

281 3887 421 3983 (literae
446 3887 628 3982 bardicae)
657 3899 695 3961 et
719 3890 916 3983 impressae
946 3897 1033 3961 sunt
1056 3887 1153 3984 typis
1190 3888 1234 3982 (s.
1263 3911 1319 3982 gr.
1349 3887 1450 3980 apud

278 4007 461 4078 Owenum
494 4006 553 4077 vel
583 4007 623 4077 in
653 4008 887 4102 ephemeride
919 4008 1096 4102 inscripta
1131 4007 1241 4076 “The
1274 4005 1451 4076 Cambro-

279 4125 409 4200 Briton
431 4127 461 4206 l.
484 4151 521 4220 p.
545 4127 653 4222 241),
682 4129 746 4199 sed
764 4127 887 4199 differt
903 4150 1029 4198 earum
1047 4124 1261 4220 compositio
1279 4133 1318 4196 et
1335 4123 1451 4219 signi-

278 4246 413 4318 ficatio.
461 4245 533 4318 Eas
557 4247 657 4317 haud
684 4245 770 4317 satis
793 4253 961 4316 accurate
985 4245 1129 4339 pridem
1146 4242 1353 4338 publicatas
1371 4265 1449 4314 esse

278 4365 375 4438 inter
404 4364 575 4459 epistolas
600 4365 739 4436 Usserii
763 4363 990 4436 Armachani
1016 4365 1127 4456 (quod
1154 4385 1246 4458 opus
1264 4361 1356 4432 mihi
1375 4384 1450 4432 non

279 4493 334 4555 est
351 4483 495 4575 visum),
519 4483 610 4554 dicit
626 4481 834 4577 Wanlejus.
