<?xml version="1.0" encoding="UTF-8"?>
<!DOCTYPE html PUBLIC "-//W3C//DTD XHTML 1.0 Transitional//EN"
    "http://www.w3.org/TR/xhtml1/DTD/xhtml1-transitional.dtd">
<html xmlns="http://www.w3.org/1999/xhtml" xml:lang="en" lang="en">
 <head>
  <title>
</title>
<meta http-equiv="Content-Type" content="text/html;charset=utf-8" />
  <meta name='ocr-system' content='tesseract 3.04.00' />
  <meta name='ocr-capabilities' content='ocr_page ocr_carea ocr_par ocr_line ocrx_word'/>
</head>
<body>
  <div class='ocr_page' id='page_1' title='image "./grammaticacelti02zeusgoog_0561.png"; bbox 0 0 3218 5068; ppageno 0'>
   <div class='ocr_carea' id='block_1_1' title="bbox 236 279 1313 424">
    <p class='ocr_par' dir='ltr' id='par_1_1' title="bbox 236 279 1313 424">
     <span class='ocr_line' id='line_1_1' title="bbox 1197 279 1217 332; baseline 0 0"><span class='ocrx_word' id='word_1_1' title='bbox 1197 279 1217 332; x_wconf 75' lang='grc' dir='ltr'><strong><em>Ι</em></strong></span> 
     </span>
     <span class='ocr_line' id='line_1_2' title="bbox 236 360 1313 424; baseline -0.004 0"><span class='ocrx_word' id='word_1_2' title='bbox 236 361 302 424; x_wconf 93' lang='lat' dir='ltr'><strong>lII.</strong></span> <span class='ocrx_word' id='word_1_3' title='bbox 322 367 352 423; x_wconf 85' lang='lat'><strong>2.</strong></span> <span class='ocrx_word' id='word_1_4' title='bbox 386 381 486 424; x_wconf 79' lang='lat' dir='ltr'><strong>visam</strong></span> <span class='ocrx_word' id='word_1_5' title='bbox 504 379 699 424; x_wconf 71' lang='lat' dir='ltr'><strong>sarranates</strong></span> <span class='ocrx_word' id='word_1_6' title='bbox 715 380 826 422; x_wconf 77' lang='lat' dir='ltr'><strong>scrrvr</strong></span> <span class='ocrx_word' id='word_1_7' title='bbox 847 379 1003 424; x_wconf 72' lang='grc'><strong>1111110111</strong></span> <span class='ocrx_word' id='word_1_8' title='bbox 1018 377 1197 424; x_wconf 73' lang='lat' dir='ltr'><strong>retusam.</strong></span> <span class='ocrx_word' id='word_1_9' title='bbox 1251 360 1313 422; x_wconf 81' lang='grc'><strong>499</strong></span> 
     </span>
    </p>
   </div>
   <div class='ocr_carea' id='block_1_2' title="bbox 139 526 1310 4550">
    <p class='ocr_par' dir='ltr' id='par_1_2' title="bbox 140 526 1310 1647">
     <span class='ocr_line' id='line_1_3' title="bbox 140 526 1310 613; baseline 0 -19"><span class='ocrx_word' id='word_1_10' title='bbox 140 529 332 613; x_wconf 88' lang='lat' dir='ltr'><strong>depromis);</strong></span> <span class='ocrx_word' id='word_1_11' title='bbox 358 529 375 592; x_wconf 95' lang='lat' dir='ltr'>I</span> <span class='ocrx_word' id='word_1_12' title='bbox 398 539 529 592; x_wconf 80' lang='lat' dir='ltr'><strong>externa</strong></span> <span class='ocrx_word' id='word_1_13' title='bbox 556 526 701 590; x_wconf 88' lang='lat' dir='ltr'><strong>inficiens</strong></span> <span class='ocrx_word' id='word_1_14' title='bbox 724 527 863 590; x_wconf 78' lang='lat' dir='ltr'><strong>vocalem</strong></span> <span class='ocrx_word' id='word_1_15' title='bbox 885 527 998 592; x_wconf 78' lang='lat' dir='ltr'><strong>radicis</strong></span> <span class='ocrx_word' id='word_1_16' title='bbox 1021 527 1055 590; x_wconf 92' lang='lat' dir='ltr'><strong>in</strong></span> <span class='ocrx_word' id='word_1_17' title='bbox 1082 529 1310 596; x_wconf 88' lang='lat' dir='ltr'><strong>recentioribus</strong></span> 
     </span>
     <span class='ocr_line' id='line_1_4' title="bbox 140 631 1310 717; baseline 0.002 -21"><span class='ocrx_word' id='word_1_18' title='bbox 140 633 245 696; x_wconf 89' lang='lat' dir='ltr'><strong>libris:</strong></span> <span class='ocrx_word' id='word_1_19' title='bbox 268 633 349 715; x_wconf 75' lang='lat' dir='ltr'><strong>petit</strong></span> <span class='ocrx_word' id='word_1_20' title='bbox 377 633 498 717; x_wconf 78' lang='lat' dir='ltr'><strong>oroydy</strong></span> <span class='ocrx_word' id='word_1_21' title='bbox 521 654 608 716; x_wconf 79' lang='lat' dir='ltr'><strong>emy,</strong></span> <span class='ocrx_word' id='word_1_22' title='bbox 634 633 757 715; x_wconf 80' lang='lat' dir='ltr'><strong>aroydy</strong></span> <span class='ocrx_word' id='word_1_23' title='bbox 778 653 853 716; x_wconf 74' lang='lat' dir='ltr'><strong>ymy</strong></span> <span class='ocrx_word' id='word_1_24' title='bbox 876 631 966 714; x_wconf 90' lang='lat' dir='ltr'><strong>(quid</strong></span> <span class='ocrx_word' id='word_1_25' title='bbox 988 633 1062 708; x_wconf 86' lang='lat' dir='ltr'><strong>das,</strong></span> <span class='ocrx_word' id='word_1_26' title='bbox 1085 633 1173 696; x_wconf 82' lang='lat' dir='ltr'><strong>debis</strong></span> <span class='ocrx_word' id='word_1_27' title='bbox 1196 635 1310 717; x_wconf 82' lang='lat' dir='ltr'><strong>mihil)</strong></span> 
     </span>
     <span class='ocr_line' id='line_1_5' title="bbox 142 735 1307 821; baseline 0 -19"><span class='ocrx_word' id='word_1_28' title='bbox 142 739 221 821; x_wconf 83' lang='lat' dir='ltr'><strong>Leg.</strong></span> <span class='ocrx_word' id='word_1_29' title='bbox 239 743 269 800; x_wconf 84' lang='lat'><strong>2.</strong></span> <span class='ocrx_word' id='word_1_30' title='bbox 287 745 315 800; x_wconf 93' lang='lat'><strong>1.</strong></span> <span class='ocrx_word' id='word_1_31' title='bbox 332 742 391 812; x_wconf 84' lang='grc'><strong>26;</strong></span> <span class='ocrx_word' id='word_1_32' title='bbox 411 743 441 800; x_wconf 91' lang='grc'><strong>2.</strong></span> <span class='ocrx_word' id='word_1_33' title='bbox 457 745 487 798; x_wconf 91' lang='grc'><strong>4.</strong></span> <span class='ocrx_word' id='word_1_34' title='bbox 504 744 534 798; x_wconf 92' lang='grc'><strong>9.</strong></span> <span class='ocrx_word' id='word_1_35' title='bbox 552 736 652 820; x_wconf 80' lang='lat' dir='ltr'><strong>owely</strong></span> <span class='ocrx_word' id='word_1_36' title='bbox 669 735 706 798; x_wconf 77' lang='lat' dir='ltr'><strong>di</strong></span> <span class='ocrx_word' id='word_1_37' title='bbox 717 759 739 820; x_wconf 84' lang='lat' dir='ltr'><em>y</em></span> <span class='ocrx_word' id='word_1_38' title='bbox 754 737 904 820; x_wconf 76' lang='lat' dir='ltr'><strong>medyanl</strong></span> <span class='ocrx_word' id='word_1_39' title='bbox 917 737 1018 820; x_wconf 77' lang='lat' dir='ltr'><strong>yosyd</strong></span> <span class='ocrx_word' id='word_1_40' title='bbox 1028 735 1098 821; x_wconf 78' lang='lat' dir='ltr'><strong>ymt&#39;</strong></span> <span class='ocrx_word' id='word_1_41' title='bbox 1111 739 1205 818; x_wconf 87' lang='lat' dir='ltr'><strong>(num</strong></span> <span class='ocrx_word' id='word_1_42' title='bbox 1220 739 1307 802; x_wconf 88' lang='lat' dir='ltr'><strong>vides</strong></span> 
     </span>
     <span class='ocr_line' id='line_1_6' title="bbox 140 839 1307 928; baseline 0.002 -23"><span class='ocrx_word' id='word_1_43' title='bbox 140 853 331 926; x_wconf 82' lang='lat' dir='ltr'><strong>potestatem</strong></span> <span class='ocrx_word' id='word_1_44' title='bbox 345 862 426 924; x_wconf 81' lang='lat' dir='ltr'><strong>quae</strong></span> <span class='ocrx_word' id='word_1_45' title='bbox 441 850 489 904; x_wconf 91' lang='lat' dir='ltr'><strong>est</strong></span> <span class='ocrx_word' id='word_1_46' title='bbox 504 839 584 902; x_wconf 90' lang='lat' dir='ltr'><strong>mihi</strong></span> <span class='ocrx_word' id='word_1_47' title='bbox 591 840 617 921; x_wconf 79' lang='grc'><strong>1)</strong></span> <span class='ocrx_word' id='word_1_48' title='bbox 634 841 721 902; x_wconf 87' lang='lat' dir='ltr'><strong>Mab.</strong></span> <span class='ocrx_word' id='word_1_49' title='bbox 743 847 772 915; x_wconf 94' lang='grc'><strong>1,</strong></span> <span class='ocrx_word' id='word_1_50' title='bbox 793 849 823 928; x_wconf 73' lang='lat' dir='ltr'><strong>J.</strong></span> <span class='ocrx_word' id='word_1_51' title='bbox 841 840 1026 924; x_wconf 71' lang='lat' dir='ltr'><strong>cqennltedy</strong></span> <span class='ocrx_word' id='word_1_52' title='bbox 1041 841 1084 924; x_wconf 77' lang='lat' dir='ltr'><strong>dy</strong></span> <span class='ocrx_word' id='word_1_53' title='bbox 1102 887 1110 902; x_wconf 98' lang='lat'><strong>.</strong></span> <span class='ocrx_word' id='word_1_54' title='bbox 1131 887 1139 902; x_wconf 92' lang='lat'><strong>.</strong></span> <span class='ocrx_word' id='word_1_55' title='bbox 1159 889 1166 904; x_wconf 91' lang='lat'><strong>.</strong></span> <span class='ocrx_word' id='word_1_56' title='bbox 1185 842 1307 908; x_wconf 78' lang='lat' dir='ltr'><strong>kendo-</strong></span> 
     </span>
     <span class='ocr_line' id='line_1_7' title="bbox 141 943 1307 1034; baseline -0.001 -23"><span class='ocrx_word' id='word_1_57' title='bbox 141 947 209 1032; x_wconf 75' lang='lat' dir='ltr'><strong>dof</strong></span> <span class='ocrx_word' id='word_1_58' title='bbox 218 950 311 1029; x_wconf 86' lang='lat' dir='ltr'><strong>(num</strong></span> <span class='ocrx_word' id='word_1_59' title='bbox 325 943 502 1030; x_wconf 77' lang='lat' dir='ltr'><strong>permittis?</strong></span> <span class='ocrx_word' id='word_1_60' title='bbox 525 943 687 1030; x_wconf 83' lang='lat' dir='ltr'><strong>permitto)</strong></span> <span class='ocrx_word' id='word_1_61' title='bbox 704 944 792 1006; x_wconf 86' lang='lat' dir='ltr'><strong>Mab.</strong></span> <span class='ocrx_word' id='word_1_62' title='bbox 812 948 841 1018; x_wconf 89' lang='grc'><strong>2,</strong></span> <span class='ocrx_word' id='word_1_63' title='bbox 859 951 888 1006; x_wconf 88' lang='grc'><strong>7.</strong></span> <span class='ocrx_word' id='word_1_64' title='bbox 913 943 965 1006; x_wconf 85' lang='lat' dir='ltr'><strong>oia</strong></span> <span class='ocrx_word' id='word_1_65' title='bbox 980 965 1110 1028; x_wconf 74' lang='lat' dir='ltr'><strong>aomoytt</strong></span> <span class='ocrx_word' id='word_1_66' title='bbox 1126 947 1182 1010; x_wconf 85' lang='lat' dir='ltr'><strong>dec</strong></span> <span class='ocrx_word' id='word_1_67' title='bbox 1197 969 1217 1010; x_wconf 84' lang='lat' dir='ltr'><strong>a</strong></span> <span class='ocrx_word' id='word_1_68' title='bbox 1233 947 1307 1034; x_wconf 68' lang='lat' dir='ltr'><strong>dorp</strong></span> 
     </span>
     <span class='ocr_line' id='line_1_8' title="bbox 142 1035 1305 1135; baseline 0 -20"><span class='ocrx_word' id='word_1_69' title='bbox 142 1051 179 1115; x_wconf 78' lang='lat' dir='ltr'><strong>di</strong></span> <span class='ocrx_word' id='word_1_70' title='bbox 192 1052 243 1114; x_wconf 82' lang='lat' dir='ltr'><strong>dot</strong></span> <span class='ocrx_word' id='word_1_71' title='bbox 253 1049 435 1135; x_wconf 76' lang='lat' dir='ltr'><strong>cymmarclv</strong></span> <span class='ocrx_word' id='word_1_72' title='bbox 447 1049 462 1112; x_wconf 79' lang='lat' dir='ltr'><strong><em>i</em></strong></span> <span class='ocrx_word' id='word_1_73' title='bbox 471 1035 524 1112; x_wconf 79' lang='lat' dir='ltr'><strong>oni</strong></span> <span class='ocrx_word' id='word_1_74' title='bbox 535 1069 688 1130; x_wconf 76' lang='lat' dir='ltr'><strong>cruceyo</strong></span> <span class='ocrx_word' id='word_1_75' title='bbox 700 1048 816 1131; x_wconf 79' lang='lat' dir='ltr'><strong>onletty</strong></span> <span class='ocrx_word' id='word_1_76' title='bbox 828 1047 895 1110; x_wconf 82' lang='lat' dir='ltr'><strong>ami</strong></span> <span class='ocrx_word' id='word_1_77' title='bbox 905 1047 984 1110; x_wconf 80' lang='lat' dir='ltr'><strong>deno</strong></span> <span class='ocrx_word' id='word_1_78' title='bbox 996 1051 1029 1129; x_wconf 93' lang='lat' dir='ltr'><strong>(o</strong></span> <span class='ocrx_word' id='word_1_79' title='bbox 1041 1049 1176 1112; x_wconf 86' lang='lat' dir='ltr'><strong>formosa</strong></span> <span class='ocrx_word' id='word_1_80' title='bbox 1187 1051 1305 1134; x_wconf 81' lang='lat' dir='ltr'><strong>puello,</strong></span> 
     </span>
     <span class='ocr_line' id='line_1_9' title="bbox 140 1151 1308 1232; baseline 0 -14"><span class='ocrx_word' id='word_1_81' title='bbox 140 1177 220 1218; x_wconf 91' lang='lat' dir='ltr'><strong>num</strong></span> <span class='ocrx_word' id='word_1_82' title='bbox 235 1155 329 1218; x_wconf 87' lang='lat' dir='ltr'><strong>facies</strong></span> <span class='ocrx_word' id='word_1_83' title='bbox 346 1165 382 1218; x_wconf 88' lang='lat' dir='ltr'><strong>tu</strong></span> <span class='ocrx_word' id='word_1_84' title='bbox 397 1175 465 1218; x_wconf 91' lang='lat' dir='ltr'><strong>esse</strong></span> <span class='ocrx_word' id='word_1_85' title='bbox 479 1173 588 1216; x_wconf 90' lang='lat' dir='ltr'><strong>meum</strong></span> <span class='ocrx_word' id='word_1_86' title='bbox 602 1172 721 1232; x_wconf 91' lang='lat' dir='ltr'><strong>equum</strong></span> <span class='ocrx_word' id='word_1_87' title='bbox 736 1161 768 1214; x_wconf 91' lang='lat' dir='ltr'><strong>et</strong></span> <span class='ocrx_word' id='word_1_88' title='bbox 783 1173 871 1214; x_wconf 83' lang='lat' dir='ltr'><strong>armo</strong></span> <span class='ocrx_word' id='word_1_89' title='bbox 885 1172 955 1214; x_wconf 88' lang='lat' dir='ltr'><strong>mea</strong></span> <span class='ocrx_word' id='word_1_90' title='bbox 969 1151 1004 1214; x_wconf 92' lang='lat' dir='ltr'><strong>in</strong></span> <span class='ocrx_word' id='word_1_91' title='bbox 1019 1174 1084 1216; x_wconf 88' lang='lat' dir='ltr'><strong>uno</strong></span> <span class='ocrx_word' id='word_1_92' title='bbox 1099 1154 1168 1218; x_wconf 92' lang='lat' dir='ltr'><strong>loco</strong></span> <span class='ocrx_word' id='word_1_93' title='bbox 1181 1177 1308 1218; x_wconf 86' lang='lat' dir='ltr'><strong>mecum</strong></span> 
     </span>
     <span class='ocr_line' id='line_1_10' title="bbox 141 1254 1308 1344; baseline 0.002 -22"><span class='ocrx_word' id='word_1_94' title='bbox 141 1259 225 1340; x_wconf 81' lang='lat' dir='ltr'><strong>hiel)</strong></span> <span class='ocrx_word' id='word_1_95' title='bbox 242 1261 330 1322; x_wconf 82' lang='lat' dir='ltr'><strong>Mob.</strong></span> <span class='ocrx_word' id='word_1_96' title='bbox 352 1267 380 1335; x_wconf 92' lang='lat'><strong>1,</strong></span> <span class='ocrx_word' id='word_1_97' title='bbox 400 1264 473 1320; x_wconf 83' lang='lat'><strong>264.</strong></span> <span class='ocrx_word' id='word_1_98' title='bbox 495 1279 533 1319; x_wconf 88' lang='lat' dir='ltr'><strong>ac</strong></span> <span class='ocrx_word' id='word_1_99' title='bbox 553 1277 619 1340; x_wconf 78' lang='lat' dir='ltr'><strong>ync</strong></span> <span class='ocrx_word' id='word_1_100' title='bbox 636 1255 662 1318; x_wconf 81' lang='lat' dir='ltr'><strong>o·</strong></span> <span class='ocrx_word' id='word_1_101' title='bbox 674 1254 799 1340; x_wconf 68' lang='lat' dir='ltr'><strong>aylywy</strong></span> <span class='ocrx_word' id='word_1_102' title='bbox 816 1256 930 1340; x_wconf 65' lang='lat' dir='ltr'><strong>dwrpf</strong></span> <span class='ocrx_word' id='word_1_103' title='bbox 945 1277 1055 1320; x_wconf 84' lang='lat' dir='ltr'><strong>motor.</strong></span> <span class='ocrx_word' id='word_1_104' title='bbox 1074 1258 1145 1322; x_wconf 77' lang='lat' dir='ltr'><strong>orti</strong></span> <span class='ocrx_word' id='word_1_105' title='bbox 1158 1281 1178 1322; x_wconf 85' lang='lat' dir='ltr'><strong>a</strong></span> <span class='ocrx_word' id='word_1_106' title='bbox 1196 1261 1308 1344; x_wconf 72' lang='lat' dir='ltr'><strong>tetyqy</strong></span> 
     </span>
     <span class='ocr_line' id='line_1_11' title="bbox 142 1359 1308 1448; baseline 0 -22"><span class='ocrx_word' id='word_1_107' title='bbox 142 1385 281 1448; x_wconf 72' lang='lat' dir='ltr'><strong>erqrynu</strong></span> <span class='ocrx_word' id='word_1_108' title='bbox 294 1385 315 1446; x_wconf 84' lang='lat' dir='ltr'><em>y</em></span> <span class='ocrx_word' id='word_1_109' title='bbox 330 1363 395 1446; x_wconf 81' lang='lat' dir='ltr'><strong>nef</strong></span> <span class='ocrx_word' id='word_1_110' title='bbox 403 1383 442 1426; x_wconf 84' lang='lat' dir='ltr'><strong>or</strong></span> <span class='ocrx_word' id='word_1_111' title='bbox 458 1363 561 1444; x_wconf 68' lang='lat' dir='ltr'><strong>dapar</strong></span> <span class='ocrx_word' id='word_1_112' title='bbox 572 1381 638 1442; x_wconf 74' lang='lat' dir='ltr'><strong>qao</strong></span> <span class='ocrx_word' id='word_1_113' title='bbox 652 1382 674 1442; x_wconf 72' lang='lat' dir='ltr'><em>y</em></span> <span class='ocrx_word' id='word_1_114' title='bbox 691 1359 795 1442; x_wconf 79' lang='lat' dir='ltr'><strong>twryf</strong></span> <span class='ocrx_word' id='word_1_115' title='bbox 803 1362 912 1441; x_wconf 87' lang='lat' dir='ltr'><strong>(atque</strong></span> <span class='ocrx_word' id='word_1_116' title='bbox 928 1370 1005 1424; x_wconf 90' lang='lat' dir='ltr'><strong>tunc</strong></span> <span class='ocrx_word' id='word_1_117' title='bbox 1018 1361 1127 1426; x_wconf 80' lang='lat' dir='ltr'><strong>audies</strong></span> <span class='ocrx_word' id='word_1_118' title='bbox 1139 1363 1308 1446; x_wconf 82' lang='lat' dir='ltr'>strepitum</span> 
     </span>
     <span class='ocr_line' id='line_1_12' title="bbox 141 1463 1306 1552; baseline 0.001 -22"><span class='ocrx_word' id='word_1_119' title='bbox 141 1489 296 1552; x_wconf 86' lang='lat' dir='ltr'><strong>magnum</strong></span> <span class='ocrx_word' id='word_1_120' title='bbox 321 1477 354 1530; x_wconf 91' lang='lat' dir='ltr'><strong>et</strong></span> <span class='ocrx_word' id='word_1_121' title='bbox 379 1465 531 1548; x_wconf 77' lang='lat' dir='ltr'>cogitabis</span> <span class='ocrx_word' id='word_1_122' title='bbox 558 1463 684 1526; x_wconf 87' lang='lat' dir='ltr'><strong>concuti</strong></span> <span class='ocrx_word' id='word_1_123' title='bbox 708 1463 831 1525; x_wconf 88' lang='lat' dir='ltr'><strong>coelum</strong></span> <span class='ocrx_word' id='word_1_124' title='bbox 854 1475 886 1526; x_wconf 89' lang='lat' dir='ltr'><strong>et</strong></span> <span class='ocrx_word' id='word_1_125' title='bbox 912 1473 1027 1528; x_wconf 84' lang='lat' dir='ltr'><strong>terrem</strong></span> <span class='ocrx_word' id='word_1_126' title='bbox 1046 1487 1103 1548; x_wconf 89' lang='lat' dir='ltr'><strong>per</strong></span> <span class='ocrx_word' id='word_1_127' title='bbox 1125 1468 1306 1552; x_wconf 85' lang='lat' dir='ltr'><strong>strepitum)</strong></span> 
     </span>
     <span class='ocr_line' id='line_1_13' title="bbox 143 1573 331 1647; baseline -0.011 -11"><span class='ocrx_word' id='word_1_128' title='bbox 143 1573 231 1636; x_wconf 87' lang='lat' dir='ltr'><strong>Mab.</strong></span> <span class='ocrx_word' id='word_1_129' title='bbox 253 1579 281 1647; x_wconf 93' lang='grc'><strong>1,</strong></span> <span class='ocrx_word' id='word_1_130' title='bbox 301 1578 331 1634; x_wconf 89' lang='lat'><strong>8.</strong></span> 
     </span>
    </p>

    <p class='ocr_par' dir='ltr' id='par_1_3' title="bbox 142 1671 1310 1970">
     <span class='ocr_line' id='line_1_14' title="bbox 227 1671 1306 1760; baseline -0.001 -21"><span class='ocrx_word' id='word_1_131' title='bbox 227 1674 362 1739; x_wconf 83' lang='lat' dir='ltr'><strong>Cornice</strong></span> <span class='ocrx_word' id='word_1_132' title='bbox 376 1675 409 1737; x_wconf 93' lang='lat' dir='ltr'>Y</span> <span class='ocrx_word' id='word_1_133' title='bbox 423 1674 458 1737; x_wconf 90' lang='lat' dir='ltr'><strong>in</strong></span> <span class='ocrx_word' id='word_1_134' title='bbox 479 1695 544 1736; x_wconf 90' lang='lat' dir='ltr'><strong>uno</strong></span> <span class='ocrx_word' id='word_1_135' title='bbox 565 1674 633 1737; x_wconf 87' lang='lat' dir='ltr'><strong>loeo</strong></span> <span class='ocrx_word' id='word_1_136' title='bbox 649 1671 834 1755; x_wconf 84' lang='lat' dir='ltr'><strong>(scriptione</strong></span> <span class='ocrx_word' id='word_1_137' title='bbox 855 1683 950 1750; x_wconf 85' lang='lat' dir='ltr'><strong>certa,</strong></span> <span class='ocrx_word' id='word_1_138' title='bbox 969 1695 1042 1738; x_wconf 89' lang='lat' dir='ltr'><strong>cum</strong></span> <span class='ocrx_word' id='word_1_139' title='bbox 1063 1675 1106 1738; x_wconf 93' lang='lat' dir='ltr'><strong>sit</strong></span> <span class='ocrx_word' id='word_1_140' title='bbox 1126 1677 1167 1740; x_wconf 88' lang='lat' dir='ltr'><strong>ad</strong></span> <span class='ocrx_word' id='word_1_141' title='bbox 1181 1697 1306 1760; x_wconf 85' lang='lat' dir='ltr'><strong>praeee-</strong></span> 
     </span>
     <span class='ocr_line' id='line_1_15' title="bbox 142 1776 1310 1865; baseline 0 -21"><span class='ocrx_word' id='word_1_142' title='bbox 142 1781 253 1844; x_wconf 87' lang='lat' dir='ltr'><strong>dentes</strong></span> <span class='ocrx_word' id='word_1_143' title='bbox 267 1803 289 1865; x_wconf 80' lang='lat' dir='ltr'><em>y</em></span> <span class='ocrx_word' id='word_1_144' title='bbox 304 1777 517 1858; x_wconf 77' lang='lat' dir='ltr'><strong>assonentie):</strong></span> <span class='ocrx_word' id='word_1_145' title='bbox 539 1776 648 1840; x_wconf 80' lang='lat' dir='ltr'><strong>crlutll</strong></span> <span class='ocrx_word' id='word_1_146' title='bbox 663 1797 734 1842; x_wconf 84' lang='lat' dir='ltr'><strong>mor</strong></span> <span class='ocrx_word' id='word_1_147' title='bbox 749 1799 791 1861; x_wconf 79' lang='lat' dir='ltr'><strong>ny</strong></span> <span class='ocrx_word' id='word_1_148' title='bbox 806 1777 845 1861; x_wconf 75' lang='lat' dir='ltr'><strong>yt</strong></span> <span class='ocrx_word' id='word_1_149' title='bbox 856 1777 909 1840; x_wconf 81' lang='lat' dir='ltr'><strong>bos</strong></span> <span class='ocrx_word' id='word_1_150' title='bbox 924 1777 986 1842; x_wconf 81' lang='lat' dir='ltr'><strong>ken</strong></span> <span class='ocrx_word' id='word_1_151' title='bbox 1002 1779 1126 1844; x_wconf 73' lang='lat' dir='ltr'><strong>betleem</strong></span> <span class='ocrx_word' id='word_1_152' title='bbox 1142 1781 1242 1862; x_wconf 75' lang='lat' dir='ltr'><strong>hepar</strong></span> <span class='ocrx_word' id='word_1_153' title='bbox 1256 1781 1310 1844; x_wconf 84' lang='lat' dir='ltr'><strong>del</strong></span> 
     </span>
     <span class='ocr_line' id='line_1_16' title="bbox 142 1881 1304 1970; baseline -0.002 -20"><span class='ocrx_word' id='word_1_154' title='bbox 142 1907 246 1970; x_wconf 77' lang='lat' dir='ltr'><strong>vyorty</strong></span> <span class='ocrx_word' id='word_1_155' title='bbox 263 1881 415 1966; x_wconf 90' lang='lat' dir='ltr'><strong>(domine,</strong></span> <span class='ocrx_word' id='word_1_156' title='bbox 430 1881 457 1944; x_wconf 90' lang='lat' dir='ltr'><strong>si</strong></span> <span class='ocrx_word' id='word_1_157' title='bbox 471 1903 537 1944; x_wconf 87' lang='lat' dir='ltr'><strong>non</strong></span> <span class='ocrx_word' id='word_1_158' title='bbox 551 1893 657 1964; x_wconf 88' lang='lat' dir='ltr'><strong>potest</strong></span> <span class='ocrx_word' id='word_1_159' title='bbox 671 1889 739 1944; x_wconf 84' lang='lat' dir='ltr'><strong>esse</strong></span> <span class='ocrx_word' id='word_1_160' title='bbox 754 1882 855 1958; x_wconf 82' lang='lat' dir='ltr'><strong>aliter,</strong></span> <span class='ocrx_word' id='word_1_161' title='bbox 870 1881 912 1946; x_wconf 90' lang='lat' dir='ltr'><strong>sit</strong></span> <span class='ocrx_word' id='word_1_162' title='bbox 928 1881 1010 1946; x_wconf 89' lang='lat' dir='ltr'><strong>sicut</strong></span> <span class='ocrx_word' id='word_1_163' title='bbox 1025 1883 1086 1964; x_wconf 91' lang='lat' dir='ltr'><strong>vis)</strong></span> <span class='ocrx_word' id='word_1_164' title='bbox 1100 1885 1189 1948; x_wconf 83' lang='lat' dir='ltr'><strong>Pass.</strong></span> <span class='ocrx_word' id='word_1_165' title='bbox 1206 1891 1258 1961; x_wconf 99' lang='grc'><strong>57,</strong></span> <span class='ocrx_word' id='word_1_166' title='bbox 1274 1892 1304 1948; x_wconf 86' lang='grc'><strong>4.</strong></span> 
     </span>
    </p>

    <p class='ocr_par' dir='ltr' id='par_1_4' title="bbox 139 1984 1308 3004">
     <span class='ocr_line' id='line_1_17' title="bbox 227 1984 1308 2072; baseline 0.001 -20"><span class='ocrx_word' id='word_1_167' title='bbox 227 1987 436 2070; x_wconf 85' lang='lat' dir='ltr'><strong>Frequentior</strong></span> <span class='ocrx_word' id='word_1_168' title='bbox 452 1984 631 2050; x_wconf 84' lang='lat' dir='ltr'><strong>terminatio</strong></span> <span class='ocrx_word' id='word_1_169' title='bbox 647 1997 695 2050; x_wconf 89' lang='lat' dir='ltr'><strong>est</strong></span> <span class='ocrx_word' id='word_1_170' title='bbox 710 1987 808 2050; x_wconf 89' lang='lat' dir='ltr'><strong>YTH</strong></span> <span class='ocrx_word' id='word_1_171' title='bbox 823 1987 874 2050; x_wconf 93' lang='lat' dir='ltr'><strong>vel</strong></span> <span class='ocrx_word' id='word_1_172' title='bbox 889 1987 983 2051; x_wconf 89' lang='lat' dir='ltr'><strong>ETH</strong></span> <span class='ocrx_word' id='word_1_173' title='bbox 999 1987 1104 2072; x_wconf 90' lang='lat' dir='ltr'><strong>(cujus</strong></span> <span class='ocrx_word' id='word_1_174' title='bbox 1122 1988 1156 2052; x_wconf 84' lang='grc'><strong>111</strong></span> <span class='ocrx_word' id='word_1_175' title='bbox 1170 2011 1187 2052; x_wconf 93' lang='lat' dir='ltr'><strong>e</strong></span> <span class='ocrx_word' id='word_1_176' title='bbox 1202 1989 1308 2053; x_wconf 86' lang='lat' dir='ltr'><strong>radice</strong></span> 
     </span>
     <span class='ocr_line' id='line_1_18' title="bbox 142 2091 1308 2180; baseline 0.002 -24"><span class='ocrx_word' id='word_1_177' title='bbox 142 2092 338 2177; x_wconf 84' lang='lat' dir='ltr'><strong>pronominis</strong></span> <span class='ocrx_word' id='word_1_178' title='bbox 360 2102 372 2157; x_wconf 87' lang='lat' dir='ltr'><strong>t</strong></span> <span class='ocrx_word' id='word_1_179' title='bbox 393 2092 545 2175; x_wconf 87' lang='lat' dir='ltr'><strong>prodiisse</strong></span> <span class='ocrx_word' id='word_1_180' title='bbox 567 2092 703 2166; x_wconf 91' lang='lat' dir='ltr'><strong>videtur,</strong></span> <span class='ocrx_word' id='word_1_181' title='bbox 722 2101 759 2154; x_wconf 91' lang='lat' dir='ltr'><strong>ut</strong></span> <span class='ocrx_word' id='word_1_182' title='bbox 780 2091 814 2156; x_wconf 79' lang='lat' dir='ltr'><strong>tt</strong></span> <span class='ocrx_word' id='word_1_183' title='bbox 834 2091 1002 2174; x_wconf 68' lang='lat' dir='ltr'><strong>infixum:</strong></span> <span class='ocrx_word' id='word_1_184' title='bbox 1027 2114 1099 2158; x_wconf 85' lang='lat' dir='ltr'><strong>mar</strong></span> <span class='ocrx_word' id='word_1_185' title='bbox 1118 2115 1139 2157; x_wconf 87' lang='lat' dir='ltr'><strong>a</strong></span> <span class='ocrx_word' id='word_1_186' title='bbox 1153 2094 1308 2180; x_wconf 75' lang='lat' dir='ltr'><strong>mynnytlt</strong></span> 
     </span>
     <span class='ocr_line' id='line_1_19' title="bbox 139 2195 1307 2284; baseline 0.001 -23"><span class='ocrx_word' id='word_1_187' title='bbox 139 2221 285 2284; x_wconf 73' lang='lat' dir='ltr'><strong>qooyony</strong></span> <span class='ocrx_word' id='word_1_188' title='bbox 305 2219 348 2262; x_wconf 83' lang='lat' dir='ltr'><strong>an</strong></span> <span class='ocrx_word' id='word_1_189' title='bbox 368 2219 446 2262; x_wconf 81' lang='lat' dir='ltr'><strong>reno</strong></span> <span class='ocrx_word' id='word_1_190' title='bbox 462 2219 482 2260; x_wconf 86' lang='lat' dir='ltr'><strong>a</strong></span> <span class='ocrx_word' id='word_1_191' title='bbox 496 2197 547 2281; x_wconf 80' lang='lat' dir='ltr'><strong>yll</strong></span> <span class='ocrx_word' id='word_1_192' title='bbox 560 2196 610 2262; x_wconf 74' lang='lat' dir='ltr'><strong>tlte</strong></span> <span class='ocrx_word' id='word_1_193' title='bbox 626 2196 719 2280; x_wconf 66' lang='lat' dir='ltr'><strong>ditty</strong></span> <span class='ocrx_word' id='word_1_194' title='bbox 735 2195 777 2278; x_wconf 93' lang='lat' dir='ltr'><strong>(si</strong></span> <span class='ocrx_word' id='word_1_195' title='bbox 792 2196 839 2260; x_wconf 92' lang='lat' dir='ltr'><strong>vis</strong></span> <span class='ocrx_word' id='word_1_196' title='bbox 855 2197 1058 2279; x_wconf 83' lang='lat' dir='ltr'><strong>interrogare,</strong></span> <span class='ocrx_word' id='word_1_197' title='bbox 1076 2197 1112 2260; x_wconf 90' lang='lat' dir='ltr'><strong>bi</strong></span> <span class='ocrx_word' id='word_1_198' title='bbox 1125 2209 1261 2280; x_wconf 89' lang='lat' dir='ltr'><strong>possunt</strong></span> <span class='ocrx_word' id='word_1_199' title='bbox 1276 2211 1307 2262; x_wconf 91' lang='lat' dir='ltr'><strong>te</strong></span> 
     </span>
     <span class='ocr_line' id='line_1_20' title="bbox 142 2301 1308 2384; baseline 0.002 -20"><span class='ocrx_word' id='word_1_200' title='bbox 142 2303 322 2384; x_wconf 88' lang='lat' dir='ltr'><strong>instituere)</strong></span> <span class='ocrx_word' id='word_1_201' title='bbox 339 2304 378 2365; x_wconf 93' lang='lat' dir='ltr'><strong>P.</strong></span> <span class='ocrx_word' id='word_1_202' title='bbox 398 2309 457 2378; x_wconf 86' lang='lat'><strong>80,</strong></span> <span class='ocrx_word' id='word_1_203' title='bbox 477 2307 506 2363; x_wconf 84' lang='lat'><strong>2.</strong></span> <span class='ocrx_word' id='word_1_204' title='bbox 527 2309 556 2363; x_wconf 88' lang='lat'><strong>3.</strong></span> <span class='ocrx_word' id='word_1_205' title='bbox 585 2323 635 2363; x_wconf 87' lang='lat' dir='ltr'><strong>me</strong></span> <span class='ocrx_word' id='word_1_206' title='bbox 656 2303 702 2362; x_wconf 86' lang='lat' dir='ltr'><strong>ad</strong></span> <span class='ocrx_word' id='word_1_207' title='bbox 720 2321 784 2362; x_wconf 76' lang='lat' dir='ltr'><strong>tore</strong></span> <span class='ocrx_word' id='word_1_208' title='bbox 806 2301 915 2363; x_wconf 76' lang='grc' dir='ltr'><strong>(1νί11111</strong></span> <span class='ocrx_word' id='word_1_209' title='bbox 937 2302 1011 2364; x_wconf 74' lang='lat' dir='ltr'><strong>bros</strong></span> <span class='ocrx_word' id='word_1_210' title='bbox 1032 2323 1078 2363; x_wconf 86' lang='lat' dir='ltr'><strong>ow</strong></span> <span class='ocrx_word' id='word_1_211' title='bbox 1098 2301 1214 2366; x_wconf 80' lang='lat' dir='ltr'><strong>honore</strong></span> <span class='ocrx_word' id='word_1_212' title='bbox 1236 2325 1308 2368; x_wconf 83' lang='lat' dir='ltr'><strong>mor</strong></span> 
     </span>
     <span class='ocr_line' id='line_1_21' title="bbox 142 2404 1304 2492; baseline 0 -22"><span class='ocrx_word' id='word_1_213' title='bbox 142 2406 291 2492; x_wconf 77' lang='lat' dir='ltr'><strong>mynoetlt</strong></span> <span class='ocrx_word' id='word_1_214' title='bbox 306 2409 380 2489; x_wconf 82' lang='lat' dir='ltr'><strong>(ego</strong></span> <span class='ocrx_word' id='word_1_215' title='bbox 401 2415 431 2470; x_wconf 88' lang='lat' dir='ltr'><strong>te</strong></span> <span class='ocrx_word' id='word_1_216' title='bbox 451 2405 564 2470; x_wconf 85' lang='lat' dir='ltr'><strong>faciam</strong></span> <span class='ocrx_word' id='word_1_217' title='bbox 585 2425 740 2486; x_wconf 86' lang='lat' dir='ltr'><strong>magnum</strong></span> <span class='ocrx_word' id='word_1_218' title='bbox 760 2404 937 2480; x_wconf 89' lang='lat' dir='ltr'><strong>dominum,</strong></span> <span class='ocrx_word' id='word_1_219' title='bbox 955 2427 1006 2468; x_wconf 92' lang='lat' dir='ltr'><strong>me</strong></span> <span class='ocrx_word' id='word_1_220' title='bbox 1027 2405 1181 2470; x_wconf 86' lang='lat' dir='ltr'><strong>honorare</strong></span> <span class='ocrx_word' id='word_1_221' title='bbox 1198 2407 1225 2470; x_wconf 91' lang='lat' dir='ltr'><strong>si</strong></span> <span class='ocrx_word' id='word_1_222' title='bbox 1240 2409 1304 2483; x_wconf 86' lang='lat' dir='ltr'><strong>vis;</strong></span> 
     </span>
     <span class='ocr_line' id='line_1_22' title="bbox 143 2507 1308 2594; baseline 0 -20"><span class='ocrx_word' id='word_1_223' title='bbox 143 2511 208 2575; x_wconf 81' lang='lat' dir='ltr'><strong>-etlt</strong></span> <span class='ocrx_word' id='word_1_224' title='bbox 220 2513 260 2576; x_wconf 92' lang='lat' dir='ltr'><strong>ad</strong></span> <span class='ocrx_word' id='word_1_225' title='bbox 271 2511 494 2594; x_wconf 78' lang='lat' dir='ltr'><strong>praecedentes</strong></span> <span class='ocrx_word' id='word_1_226' title='bbox 506 2509 643 2592; x_wconf 80' lang='lat' dir='ltr'><strong>syllabas</strong></span> <span class='ocrx_word' id='word_1_227' title='bbox 655 2507 781 2570; x_wconf 87' lang='lat' dir='ltr'><strong>casdem</strong></span> <span class='ocrx_word' id='word_1_228' title='bbox 792 2509 903 2572; x_wconf 87' lang='lat' dir='ltr'><strong>finales</strong></span> <span class='ocrx_word' id='word_1_229' title='bbox 914 2511 1081 2589; x_wconf 81' lang='lat' dir='ltr'><strong>assonons)</strong></span> <span class='ocrx_word' id='word_1_230' title='bbox 1096 2515 1146 2586; x_wconf 88' lang='grc'><strong>16,</strong></span> <span class='ocrx_word' id='word_1_231' title='bbox 1156 2519 1187 2572; x_wconf 89' lang='grc'><strong>4.</strong></span> <span class='ocrx_word' id='word_1_232' title='bbox 1201 2511 1308 2576; x_wconf 73' lang='lat' dir='ltr'><strong>martit</strong></span> 
     </span>
     <span class='ocr_line' id='line_1_23' title="bbox 143 2611 1308 2700; baseline 0.001 -22"><span class='ocrx_word' id='word_1_233' title='bbox 143 2637 187 2678; x_wconf 79' lang='lat' dir='ltr'><strong>att</strong></span> <span class='ocrx_word' id='word_1_234' title='bbox 209 2615 259 2678; x_wconf 81' lang='lat' dir='ltr'><strong>beo</strong></span> <span class='ocrx_word' id='word_1_235' title='bbox 283 2614 427 2698; x_wconf 79' lang='lat' dir='ltr'><strong>kymmys</strong></span> <span class='ocrx_word' id='word_1_236' title='bbox 443 2613 523 2676; x_wconf 83' lang='lat' dir='ltr'><strong>drok</strong></span> <span class='ocrx_word' id='word_1_237' title='bbox 538 2612 712 2696; x_wconf 72' lang='lat' dir='ltr'><strong>wetheoytd</strong></span> <span class='ocrx_word' id='word_1_238' title='bbox 726 2611 770 2675; x_wconf 84' lang='grc' dir='ltr'><strong>Ιια</strong></span> <span class='ocrx_word' id='word_1_239' title='bbox 786 2621 814 2676; x_wconf 76' lang='lat' dir='ltr'><strong>te</strong></span> <span class='ocrx_word' id='word_1_240' title='bbox 828 2613 902 2696; x_wconf 76' lang='lat' dir='ltr'><strong>syth</strong></span> <span class='ocrx_word' id='word_1_241' title='bbox 917 2634 1015 2697; x_wconf 74' lang='lat' dir='ltr'><strong>eraqo</strong></span> <span class='ocrx_word' id='word_1_242' title='bbox 1027 2616 1097 2698; x_wconf 77' lang='lat' dir='ltr'><strong>syo</strong></span> <span class='ocrx_word' id='word_1_243' title='bbox 1112 2637 1156 2684; x_wconf 77' lang='lat' dir='ltr'><strong>aa</strong></span> <span class='ocrx_word' id='word_1_244' title='bbox 1167 2615 1308 2700; x_wconf 71' lang='lat' dir='ltr'><strong>chsytlt</strong></span> 
     </span>
     <span class='ocr_line' id='line_1_24' title="bbox 147 2716 1308 2803; baseline 0.001 -21"><span class='ocrx_word' id='word_1_245' title='bbox 147 2767 154 2782; x_wconf 94' lang='lat'><strong>.</strong></span> <span class='ocrx_word' id='word_1_246' title='bbox 176 2767 183 2781; x_wconf 98' lang='lat'><strong>.</strong></span> <span class='ocrx_word' id='word_1_247' title='bbox 205 2767 211 2780; x_wconf 96' lang='lat'><strong>.</strong></span> <span class='ocrx_word' id='word_1_248' title='bbox 231 2719 376 2802; x_wconf 71' lang='lat' dir='ltr'><strong>beteqyos</strong></span> <span class='ocrx_word' id='word_1_249' title='bbox 399 2724 428 2780; x_wconf 87' lang='lat' dir='ltr'><strong>te</strong></span> <span class='ocrx_word' id='word_1_250' title='bbox 448 2739 491 2800; x_wconf 72' lang='lat' dir='ltr'><strong>ny</strong></span> <span class='ocrx_word' id='word_1_251' title='bbox 513 2719 621 2803; x_wconf 71' lang='lat' dir='ltr'><strong>occylla</strong></span> <span class='ocrx_word' id='word_1_252' title='bbox 636 2716 840 2798; x_wconf 83' lang='lat' dir='ltr'><strong>(miraculum</strong></span> <span class='ocrx_word' id='word_1_253' title='bbox 860 2717 984 2794; x_wconf 90' lang='lat' dir='ltr'><strong>mundi,</strong></span> <span class='ocrx_word' id='word_1_254' title='bbox 1004 2730 1161 2801; x_wconf 84' lang='lat' dir='ltr'><strong>quantum</strong></span> <span class='ocrx_word' id='word_1_255' title='bbox 1179 2719 1257 2782; x_wconf 86' lang='lat' dir='ltr'><strong>mali</strong></span> <span class='ocrx_word' id='word_1_256' title='bbox 1272 2730 1308 2782; x_wconf 91' lang='lat' dir='ltr'><strong>tu</strong></span> 
     </span>
     <span class='ocr_line' id='line_1_25' title="bbox 145 2820 1307 2904; baseline 0 -18"><span class='ocrx_word' id='word_1_257' title='bbox 145 2823 293 2897; x_wconf 86' lang='lat' dir='ltr'><strong>sustines,</strong></span> <span class='ocrx_word' id='word_1_258' title='bbox 312 2831 344 2886; x_wconf 91' lang='lat' dir='ltr'><strong>et</strong></span> <span class='ocrx_word' id='word_1_259' title='bbox 365 2822 449 2904; x_wconf 91' lang='lat' dir='ltr'><strong>quod</strong></span> <span class='ocrx_word' id='word_1_260' title='bbox 463 2820 545 2884; x_wconf 90' lang='lat' dir='ltr'><strong>nihil</strong></span> <span class='ocrx_word' id='word_1_261' title='bbox 562 2830 597 2882; x_wconf 92' lang='lat' dir='ltr'><strong>tu</strong></span> <span class='ocrx_word' id='word_1_262' title='bbox 612 2832 721 2884; x_wconf 88' lang='lat' dir='ltr'><strong>eontra</strong></span> <span class='ocrx_word' id='word_1_263' title='bbox 736 2843 788 2883; x_wconf 85' lang='lat' dir='ltr'><strong>eos</strong></span> <span class='ocrx_word' id='word_1_264' title='bbox 804 2820 893 2898; x_wconf 88' lang='lat' dir='ltr'><strong>dieis,</strong></span> <span class='ocrx_word' id='word_1_265' title='bbox 911 2831 1051 2886; x_wconf 83' lang='lat' dir='ltr'><strong>ettamen</strong></span> <span class='ocrx_word' id='word_1_266' title='bbox 1069 2833 1104 2885; x_wconf 91' lang='lat' dir='ltr'><strong>tu</strong></span> <span class='ocrx_word' id='word_1_267' title='bbox 1118 2845 1184 2886; x_wconf 89' lang='lat' dir='ltr'><strong>non</strong></span> <span class='ocrx_word' id='word_1_268' title='bbox 1199 2824 1307 2904; x_wconf 89' lang='lat' dir='ltr'><strong>debes)</strong></span> 
     </span>
     <span class='ocr_line' id='line_1_26' title="bbox 147 2927 367 3004; baseline 0.005 -16"><span class='ocrx_word' id='word_1_269' title='bbox 147 2932 218 3004; x_wconf 87' lang='lat'><strong>120,</strong></span> <span class='ocrx_word' id='word_1_270' title='bbox 239 2933 267 2988; x_wconf 93' lang='lat'><strong>1.</strong></span> <span class='ocrx_word' id='word_1_271' title='bbox 280 2927 317 2988; x_wconf 85' lang='lat'><strong>·2.</strong></span> <span class='ocrx_word' id='word_1_272' title='bbox 336 2934 367 2989; x_wconf 85' lang='lat'><strong>4.</strong></span> 
     </span>
    </p>

    <p class='ocr_par' dir='ltr' id='par_1_5' title="bbox 142 3029 1309 3638">
     <span class='ocr_line' id='line_1_27' title="bbox 228 3029 1305 3112; baseline 0 -18"><span class='ocrx_word' id='word_1_273' title='bbox 228 3031 390 3096; x_wconf 79' lang='lat' dir='ltr'><strong>Armorica</strong></span> <span class='ocrx_word' id='word_1_274' title='bbox 410 3029 590 3094; x_wconf 85' lang='lat' dir='ltr'><strong>terminatio</strong></span> <span class='ocrx_word' id='word_1_275' title='bbox 606 3031 622 3092; x_wconf 93' lang='lat'>1</span> <span class='ocrx_word' id='word_1_276' title='bbox 637 3051 677 3092; x_wconf 81' lang='lat' dir='ltr'><strong>ex</strong></span> <span class='ocrx_word' id='word_1_277' title='bbox 693 3029 756 3112; x_wconf 81' lang='lat' dir='ltr'><strong>-iff</strong></span> <span class='ocrx_word' id='word_1_278' title='bbox 763 3030 861 3110; x_wconf 82' lang='lat' dir='ltr'><strong>(-ivm)</strong></span> <span class='ocrx_word' id='word_1_279' title='bbox 878 3029 911 3092; x_wconf 90' lang='lat' dir='ltr'><strong>in</strong></span> <span class='ocrx_word' id='word_1_280' title='bbox 927 3032 1021 3094; x_wconf 88' lang='lat' dir='ltr'><strong>verbo</strong></span> <span class='ocrx_word' id='word_1_281' title='bbox 1037 3032 1158 3096; x_wconf 90' lang='lat' dir='ltr'><strong>subst.:</strong></span> <span class='ocrx_word' id='word_1_282' title='bbox 1183 3054 1217 3094; x_wconf 83' lang='lat' dir='ltr'><strong>cz</strong></span> <span class='ocrx_word' id='word_1_283' title='bbox 1231 3031 1305 3108; x_wconf 78' lang='lat' dir='ltr'><strong>oizi,</strong></span> 
     </span>
     <span class='ocr_line' id='line_1_28' title="bbox 144 3134 1308 3220; baseline 0.001 -21"><span class='ocrx_word' id='word_1_284' title='bbox 144 3159 183 3200; x_wconf 86' lang='lat' dir='ltr'><strong>ro</strong></span> <span class='ocrx_word' id='word_1_285' title='bbox 198 3136 261 3199; x_wconf 79' lang='lat' dir='ltr'><strong>oizi</strong></span> <span class='ocrx_word' id='word_1_286' title='bbox 274 3135 359 3217; x_wconf 77' lang='lat' dir='ltr'><strong>(eric,</strong></span> <span class='ocrx_word' id='word_1_287' title='bbox 378 3135 434 3216; x_wconf 88' lang='lat' dir='ltr'><strong>sis)</strong></span> <span class='ocrx_word' id='word_1_288' title='bbox 451 3134 537 3196; x_wconf 91' lang='lat' dir='ltr'><strong>Buh.</strong></span> <span class='ocrx_word' id='word_1_289' title='bbox 558 3141 609 3210; x_wconf 87' lang='grc'><strong>76,</strong></span> <span class='ocrx_word' id='word_1_290' title='bbox 631 3141 680 3195; x_wconf 95' lang='grc'><strong>17.</strong></span> <span class='ocrx_word' id='word_1_291' title='bbox 700 3141 773 3210; x_wconf 88' lang='grc'><strong>178,</strong></span> <span class='ocrx_word' id='word_1_292' title='bbox 793 3142 823 3196; x_wconf 90' lang='grc'><strong>5.</strong></span> <span class='ocrx_word' id='word_1_293' title='bbox 843 3139 916 3212; x_wconf 84' lang='grc'><strong>268,</strong></span> <span class='ocrx_word' id='word_1_294' title='bbox 936 3143 965 3195; x_wconf 93' lang='grc'><strong>7.</strong></span> <span class='ocrx_word' id='word_1_295' title='bbox 991 3137 1041 3198; x_wconf 82' lang='lat' dir='ltr'><strong>Ex</strong></span> <span class='ocrx_word' id='word_1_296' title='bbox 1057 3135 1244 3220; x_wconf 82' lang='lat' dir='ltr'><strong>-aff(-ann)</strong></span> <span class='ocrx_word' id='word_1_297' title='bbox 1260 3149 1308 3200; x_wconf 88' lang='lat' dir='ltr'><strong>est</strong></span> 
     </span>
     <span class='ocr_line' id='line_1_29' title="bbox 144 3238 1309 3326; baseline -0.003 -20"><span class='ocrx_word' id='word_1_298' title='bbox 144 3241 199 3306; x_wconf 86' lang='lat' dir='ltr'><strong>EZ</strong></span> <span class='ocrx_word' id='word_1_299' title='bbox 216 3244 272 3322; x_wconf 93' lang='lat'><strong>(=</strong></span> <span class='ocrx_word' id='word_1_300' title='bbox 287 3261 373 3304; x_wconf 88' lang='lat' dir='ltr'><strong>corn.</strong></span> <span class='ocrx_word' id='word_1_301' title='bbox 392 3239 492 3326; x_wconf 57' lang='lat' dir='ltr'><strong>pilo:</strong></span> <span class='ocrx_word' id='word_1_302' title='bbox 516 3260 618 3320; x_wconf 82' lang='lat' dir='ltr'><strong>perae</strong></span> <span class='ocrx_word' id='word_1_303' title='bbox 629 3238 758 3321; x_wconf 64' lang='lat' dir='ltr'><strong>quirion</strong></span> <span class='ocrx_word' id='word_1_304' title='bbox 776 3261 820 3302; x_wconf 81' lang='lat' dir='ltr'><strong>nc</strong></span> <span class='ocrx_word' id='word_1_305' title='bbox 834 3260 997 3304; x_wconf 79' lang='lat' dir='ltr'><strong>sarmonez</strong></span> <span class='ocrx_word' id='word_1_306' title='bbox 1012 3263 1072 3304; x_wconf 83' lang='lat' dir='ltr'><strong>nac</strong></span> <span class='ocrx_word' id='word_1_307' title='bbox 1087 3261 1217 3322; x_wconf 79' lang='lat' dir='ltr'><strong>ouzomp</strong></span> <span class='ocrx_word' id='word_1_308' title='bbox 1229 3263 1309 3324; x_wconf 73' lang='lat' dir='ltr'><strong>quer</strong></span> 
     </span>
     <span class='ocr_line' id='line_1_30' title="bbox 143 3343 1307 3426; baseline -0.003 -16"><span class='ocrx_word' id='word_1_309' title='bbox 143 3367 183 3410; x_wconf 81' lang='lat' dir='ltr'><strong>oe</strong></span> <span class='ocrx_word' id='word_1_310' title='bbox 205 3345 325 3408; x_wconf 77' lang='lat' dir='ltr'><strong>leuerez</strong></span> <span class='ocrx_word' id='word_1_311' title='bbox 341 3347 411 3426; x_wconf 90' lang='lat' dir='ltr'><strong>(cur</strong></span> <span class='ocrx_word' id='word_1_312' title='bbox 428 3345 525 3406; x_wconf 91' lang='lat' dir='ltr'><strong>libere</strong></span> <span class='ocrx_word' id='word_1_313' title='bbox 546 3365 612 3406; x_wconf 89' lang='lat' dir='ltr'><strong>non</strong></span> <span class='ocrx_word' id='word_1_314' title='bbox 633 3343 850 3408; x_wconf 83' lang='lat' dir='ltr'><strong>sermocineris</strong></span> <span class='ocrx_word' id='word_1_315' title='bbox 871 3355 903 3406; x_wconf 91' lang='lat' dir='ltr'><strong>et</strong></span> <span class='ocrx_word' id='word_1_316' title='bbox 924 3345 1015 3407; x_wconf 90' lang='lat' dir='ltr'><strong>nobis</strong></span> <span class='ocrx_word' id='word_1_317' title='bbox 1037 3345 1247 3408; x_wconf 85' lang='lat' dir='ltr'><strong>verbumnon</strong></span> <span class='ocrx_word' id='word_1_318' title='bbox 1263 3343 1307 3406; x_wconf 96' lang='lat' dir='ltr'><strong>lo-</strong></span> 
     </span>
     <span class='ocr_line' id='line_1_31' title="bbox 142 3449 1307 3534; baseline -0.003 -19"><span class='ocrx_word' id='word_1_319' title='bbox 142 3450 248 3534; x_wconf 88' lang='lat' dir='ltr'><strong>queris</strong></span> <span class='ocrx_word' id='word_1_320' title='bbox 256 3450 283 3532; x_wconf 81' lang='grc'><strong>1)</strong></span> <span class='ocrx_word' id='word_1_321' title='bbox 301 3457 352 3526; x_wconf 89' lang='grc'><strong>56,</strong></span> <span class='ocrx_word' id='word_1_322' title='bbox 370 3455 402 3512; x_wconf 87' lang='lat'><strong>8.</strong></span> <span class='ocrx_word' id='word_1_323' title='bbox 421 3455 451 3511; x_wconf 88' lang='lat'><strong>9.</strong></span> <span class='ocrx_word' id='word_1_324' title='bbox 463 3469 545 3530; x_wconf 74' lang='lat' dir='ltr'><strong>pore</strong></span> <span class='ocrx_word' id='word_1_325' title='bbox 560 3469 626 3512; x_wconf 81' lang='lat' dir='ltr'><strong>mez</strong></span> <span class='ocrx_word' id='word_1_326' title='bbox 641 3469 713 3510; x_wconf 87' lang='lat' dir='ltr'><strong>mor</strong></span> <span class='ocrx_word' id='word_1_327' title='bbox 727 3469 868 3529; x_wconf 79' lang='lat' dir='ltr'><strong>compsez</strong></span> <span class='ocrx_word' id='word_1_328' title='bbox 879 3471 943 3532; x_wconf 67' lang='lat' dir='ltr'><strong>you</strong></span> <span class='ocrx_word' id='word_1_329' title='bbox 958 3449 1052 3530; x_wconf 87' lang='lat' dir='ltr'><strong>(habe</strong></span> <span class='ocrx_word' id='word_1_330' title='bbox 1067 3451 1203 3514; x_wconf 84' lang='lat' dir='ltr'><strong>dedecus</strong></span> <span class='ocrx_word' id='word_1_331' title='bbox 1219 3451 1246 3512; x_wconf 88' lang='lat' dir='ltr'><strong>si</strong></span> <span class='ocrx_word' id='word_1_332' title='bbox 1261 3450 1307 3512; x_wconf 92' lang='lat' dir='ltr'><strong>di·</strong></span> 
     </span>
     <span class='ocr_line' id='line_1_32' title="bbox 142 3555 454 3638; baseline -0.006 -20"><span class='ocrx_word' id='word_1_333' title='bbox 142 3555 186 3618; x_wconf 89' lang='lat' dir='ltr'><strong>eis</strong></span> <span class='ocrx_word' id='word_1_334' title='bbox 202 3555 293 3638; x_wconf 86' lang='lat' dir='ltr'><strong>false)</strong></span> <span class='ocrx_word' id='word_1_335' title='bbox 312 3561 384 3631; x_wconf 90' lang='grc'><strong>166,</strong></span> <span class='ocrx_word' id='word_1_336' title='bbox 405 3558 454 3616; x_wconf 92' lang='grc'><strong>12.</strong></span> 
     </span>
    </p>

    <p class='ocr_par' dir='ltr' id='par_1_6' title="bbox 142 3657 1309 4475">
     <span class='ocr_line' id='line_1_33' title="bbox 229 3657 1307 3744; baseline 0 -22"><span class='ocrx_word' id='word_1_337' title='bbox 229 3667 259 3722; x_wconf 90' lang='grc'><strong>3.</strong></span> <span class='ocrx_word' id='word_1_338' title='bbox 277 3681 359 3742; x_wconf 90' lang='lat' dir='ltr'><strong>pers.</strong></span> <span class='ocrx_word' id='word_1_339' title='bbox 392 3657 557 3724; x_wconf 74' lang='lat' dir='ltr'><strong>Csnrbrice</strong></span> <span class='ocrx_word' id='word_1_340' title='bbox 579 3657 705 3724; x_wconf 80' lang='lat' dir='ltr'><strong>interne</strong></span> <span class='ocrx_word' id='word_1_341' title='bbox 726 3659 743 3722; x_wconf 96' lang='grc' dir='ltr'>Ι</span> <span class='ocrx_word' id='word_1_342' title='bbox 766 3661 867 3724; x_wconf 84' lang='lat' dir='ltr'><strong>mixta</strong></span> <span class='ocrx_word' id='word_1_343' title='bbox 882 3661 1008 3744; x_wconf 84' lang='lat' dir='ltr'><strong>saepius</strong></span> <span class='ocrx_word' id='word_1_344' title='bbox 1023 3682 1097 3724; x_wconf 91' lang='lat' dir='ltr'><strong>cum</strong></span> <span class='ocrx_word' id='word_1_345' title='bbox 1112 3661 1211 3724; x_wconf 86' lang='lat' dir='ltr'><strong>vocali</strong></span> <span class='ocrx_word' id='word_1_346' title='bbox 1226 3661 1307 3723; x_wconf 86' lang='lat' dir='ltr'><strong>radi·</strong></span> 
     </span>
     <span class='ocr_line' id='line_1_34' title="bbox 142 3763 1306 3850; baseline -0.002 -22"><span class='ocrx_word' id='word_1_347' title='bbox 142 3765 186 3828; x_wconf 89' lang='lat' dir='ltr'><strong>cis</strong></span> <span class='ocrx_word' id='word_1_348' title='bbox 208 3765 259 3826; x_wconf 90' lang='lat' dir='ltr'><strong>vel</strong></span> <span class='ocrx_word' id='word_1_349' title='bbox 287 3763 508 3826; x_wconf 88' lang='lat' dir='ltr'><strong>derivationis:</strong></span> <span class='ocrx_word' id='word_1_350' title='bbox 538 3786 577 3826; x_wconf 85' lang='lat' dir='ltr'><strong>oe</strong></span> <span class='ocrx_word' id='word_1_351' title='bbox 599 3787 616 3826; x_wconf 92' lang='lat' dir='ltr'><strong>o</strong></span> <span class='ocrx_word' id='word_1_352' title='bbox 634 3764 724 3848; x_wconf 76' lang='lat' dir='ltr'><strong>qeyll</strong></span> <span class='ocrx_word' id='word_1_353' title='bbox 742 3763 843 3828; x_wconf 80' lang='lat' dir='ltr'><strong>denne</strong></span> <span class='ocrx_word' id='word_1_354' title='bbox 864 3767 910 3847; x_wconf 92' lang='lat' dir='ltr'><strong>(et</strong></span> <span class='ocrx_word' id='word_1_355' title='bbox 930 3766 958 3828; x_wconf 92' lang='lat' dir='ltr'><strong>si</strong></span> <span class='ocrx_word' id='word_1_356' title='bbox 979 3777 1084 3850; x_wconf 90' lang='lat' dir='ltr'><strong>potest</strong></span> <span class='ocrx_word' id='word_1_357' title='bbox 1104 3764 1196 3844; x_wconf 88' lang='lat' dir='ltr'><strong>hoc),</strong></span> <span class='ocrx_word' id='word_1_358' title='bbox 1220 3785 1306 3846; x_wconf 71' lang='lat' dir='ltr'><strong>nyny</strong></span> 
     </span>
     <span class='ocr_line' id='line_1_35' title="bbox 142 3865 1307 3954; baseline -0.002 -22"><span class='ocrx_word' id='word_1_359' title='bbox 142 3869 310 3934; x_wconf 71' lang='lat' dir='ltr'><strong>adeuedun</strong></span> <span class='ocrx_word' id='word_1_360' title='bbox 329 3867 452 3953; x_wconf 81' lang='lat' dir='ltr'><strong>eckeyll</strong></span> <span class='ocrx_word' id='word_1_361' title='bbox 467 3889 544 3952; x_wconf 68' lang='lat' dir='ltr'><strong>eyter</strong></span> <span class='ocrx_word' id='word_1_362' title='bbox 558 3891 649 3932; x_wconf 78' lang='lat' dir='ltr'><strong>aecor</strong></span> <span class='ocrx_word' id='word_1_363' title='bbox 664 3868 727 3954; x_wconf 75' lang='lat' dir='ltr'><strong>alsy</strong></span> <span class='ocrx_word' id='word_1_364' title='bbox 743 3871 815 3950; x_wconf 89' lang='lat' dir='ltr'><strong>(nos</strong></span> <span class='ocrx_word' id='word_1_365' title='bbox 830 3869 966 3934; x_wconf 88' lang='lat' dir='ltr'><strong>dicimus</strong></span> <span class='ocrx_word' id='word_1_366' title='bbox 981 3871 1066 3952; x_wconf 92' lang='lat' dir='ltr'><strong>quod</strong></span> <span class='ocrx_word' id='word_1_367' title='bbox 1080 3877 1184 3950; x_wconf 78' lang='lat' dir='ltr'><strong>potest</strong></span> <span class='ocrx_word' id='word_1_368' title='bbox 1198 3865 1246 3928; x_wconf 90' lang='lat' dir='ltr'><strong>vir</strong></span> <span class='ocrx_word' id='word_1_369' title='bbox 1261 3888 1307 3930; x_wconf 90' lang='lat' dir='ltr'><strong>se-</strong></span> 
     </span>
     <span class='ocr_line' id='line_1_36' title="bbox 142 3971 1304 4057; baseline -0.003 -21"><span class='ocrx_word' id='word_1_370' title='bbox 142 3973 247 4056; x_wconf 88' lang='lat' dir='ltr'><strong>parari</strong></span> <span class='ocrx_word' id='word_1_371' title='bbox 262 3975 301 4036; x_wconf 86' lang='lat' dir='ltr'><strong>ab</strong></span> <span class='ocrx_word' id='word_1_372' title='bbox 316 3977 378 4054; x_wconf 86' lang='lat' dir='ltr'><strong>ea),</strong></span> <span class='ocrx_word' id='word_1_373' title='bbox 397 3995 436 4036; x_wconf 85' lang='lat' dir='ltr'><strong>ae</strong></span> <span class='ocrx_word' id='word_1_374' title='bbox 450 3996 467 4036; x_wconf 93' lang='lat' dir='ltr'><strong>o</strong></span> <span class='ocrx_word' id='word_1_375' title='bbox 479 3974 548 4056; x_wconf 71' lang='lat' dir='ltr'><strong>pei(</strong></span> <span class='ocrx_word' id='word_1_376' title='bbox 560 3977 606 4055; x_wconf 90' lang='lat' dir='ltr'><strong>(et</strong></span> <span class='ocrx_word' id='word_1_377' title='bbox 621 3973 648 4036; x_wconf 92' lang='lat' dir='ltr'><strong>si</strong></span> <span class='ocrx_word' id='word_1_378' title='bbox 663 3977 793 4057; x_wconf 89' lang='lat' dir='ltr'><strong>potest),</strong></span> <span class='ocrx_word' id='word_1_379' title='bbox 812 3997 850 4035; x_wconf 87' lang='lat' dir='ltr'><strong>oc</strong></span> <span class='ocrx_word' id='word_1_380' title='bbox 864 3996 925 4057; x_wconf 77' lang='lat' dir='ltr'><strong>orry</strong></span> <span class='ocrx_word' id='word_1_381' title='bbox 941 3973 1000 4035; x_wconf 82' lang='lat' dir='ltr'><strong>et&#39;ll</strong></span> <span class='ocrx_word' id='word_1_382' title='bbox 1009 3976 1055 4053; x_wconf 92' lang='lat' dir='ltr'><strong>(et</strong></span> <span class='ocrx_word' id='word_1_383' title='bbox 1066 3971 1093 4034; x_wconf 90' lang='lat' dir='ltr'><strong>si</strong></span> <span class='ocrx_word' id='word_1_384' title='bbox 1104 3991 1170 4034; x_wconf 87' lang='lat' dir='ltr'><strong>non</strong></span> <span class='ocrx_word' id='word_1_385' title='bbox 1181 3980 1304 4052; x_wconf 88' lang='lat' dir='ltr'><strong>potest;</strong></span> 
     </span>
     <span class='ocr_line' id='line_1_37' title="bbox 142 4075 1308 4160; baseline -0.003 -20"><span class='ocrx_word' id='word_1_386' title='bbox 142 4078 229 4140; x_wconf 83' lang='lat' dir='ltr'><strong>verb.</strong></span> <span class='ocrx_word' id='word_1_387' title='bbox 244 4076 347 4160; x_wconf 71' lang='lat' dir='ltr'><strong>polla,</strong></span> <span class='ocrx_word' id='word_1_388' title='bbox 361 4082 467 4160; x_wconf 87' lang='lat' dir='ltr'><strong>posse)</strong></span> <span class='ocrx_word' id='word_1_389' title='bbox 479 4078 557 4160; x_wconf 85' lang='lat' dir='ltr'><strong>Leg.</strong></span> <span class='ocrx_word' id='word_1_390' title='bbox 574 4083 604 4139; x_wconf 90' lang='grc'><strong>2.</strong></span> <span class='ocrx_word' id='word_1_391' title='bbox 623 4086 651 4140; x_wconf 94' lang='grc'><strong>1.</strong></span> <span class='ocrx_word' id='word_1_392' title='bbox 668 4081 725 4152; x_wconf 89' lang='grc'><strong>27;</strong></span> <span class='ocrx_word' id='word_1_393' title='bbox 742 4084 781 4139; x_wconf 91' lang='grc'><strong>66</strong></span> <span class='ocrx_word' id='word_1_394' title='bbox 791 4101 800 4152; x_wconf 85' lang='grc'><strong>;</strong></span> <span class='ocrx_word' id='word_1_395' title='bbox 820 4085 871 4138; x_wconf 88' lang='grc'><strong>70.</strong></span> <span class='ocrx_word' id='word_1_396' title='bbox 889 4075 1021 4160; x_wconf 80' lang='lat' dir='ltr'><strong>kofreyt</strong></span> <span class='ocrx_word' id='word_1_397' title='bbox 1033 4095 1127 4158; x_wconf 79' lang='lat' dir='ltr'><strong>oeyrc</strong></span> <span class='ocrx_word' id='word_1_398' title='bbox 1138 4075 1205 4156; x_wconf 87' lang='lat' dir='ltr'><strong>(lex</strong></span> <span class='ocrx_word' id='word_1_399' title='bbox 1219 4096 1308 4137; x_wconf 89' lang='lat' dir='ltr'><strong>man-</strong></span> 
     </span>
     <span class='ocr_line' id='line_1_38' title="bbox 143 4179 1305 4266; baseline -0.003 -20"><span class='ocrx_word' id='word_1_400' title='bbox 143 4183 214 4257; x_wconf 87' lang='lat' dir='ltr'><strong>dat;</strong></span> <span class='ocrx_word' id='word_1_401' title='bbox 232 4183 299 4244; x_wconf 84' lang='lat' dir='ltr'><strong>rad.</strong></span> <span class='ocrx_word' id='word_1_402' title='bbox 315 4181 406 4263; x_wconf 74' lang='lat' dir='ltr'><strong>aret)</strong></span> <span class='ocrx_word' id='word_1_403' title='bbox 423 4183 500 4266; x_wconf 86' lang='lat' dir='ltr'><strong>Leg.</strong></span> <span class='ocrx_word' id='word_1_404' title='bbox 517 4187 547 4244; x_wconf 92' lang='grc'><strong>2.</strong></span> <span class='ocrx_word' id='word_1_405' title='bbox 565 4191 593 4244; x_wconf 93' lang='grc'><strong>1.</strong></span> <span class='ocrx_word' id='word_1_406' title='bbox 611 4189 661 4248; x_wconf 90' lang='grc'><strong>66.</strong></span> <span class='ocrx_word' id='word_1_407' title='bbox 680 4205 718 4246; x_wconf 88' lang='lat' dir='ltr'><strong>oc</strong></span> <span class='ocrx_word' id='word_1_408' title='bbox 733 4181 804 4266; x_wconf 82' lang='lat' dir='ltr'><strong>esa</strong></span> <span class='ocrx_word' id='word_1_409' title='bbox 819 4180 986 4265; x_wconf 73' lang='lat' dir='ltr'><strong>wylpcwb</strong></span> <span class='ocrx_word' id='word_1_410' title='bbox 1003 4199 1039 4242; x_wconf 84' lang='lat' dir='ltr'><strong>or</strong></span> <span class='ocrx_word' id='word_1_411' title='bbox 1053 4201 1073 4241; x_wconf 88' lang='grc' dir='ltr'><em>α</em></span> <span class='ocrx_word' id='word_1_412' title='bbox 1088 4179 1175 4263; x_wconf 78' lang='lat' dir='ltr'><strong>dely</strong></span> <span class='ocrx_word' id='word_1_413' title='bbox 1190 4201 1305 4264; x_wconf 83' lang='lat' dir='ltr'><strong>mywo.</strong></span> 
     </span>
     <span class='ocr_line' id='line_1_39' title="bbox 143 4283 1309 4371; baseline -0.003 -21"><span class='ocrx_word' id='word_1_414' title='bbox 143 4309 182 4350; x_wconf 88' lang='lat' dir='ltr'><strong>ac</strong></span> <span class='ocrx_word' id='word_1_415' title='bbox 196 4309 255 4370; x_wconf 75' lang='lat' dir='ltr'><strong>ops</strong></span> <span class='ocrx_word' id='word_1_416' title='bbox 268 4287 357 4370; x_wconf 75' lang='lat' dir='ltr'><strong>qul</strong></span> <span class='ocrx_word' id='word_1_417' title='bbox 369 4287 427 4348; x_wconf 82' lang='lat' dir='ltr'><strong>neb</strong></span> <span class='ocrx_word' id='word_1_418' title='bbox 443 4309 498 4350; x_wconf 80' lang='lat' dir='ltr'><strong>erto</strong></span> <span class='ocrx_word' id='word_1_419' title='bbox 511 4289 557 4368; x_wconf 89' lang='lat' dir='ltr'><strong>(et</strong></span> <span class='ocrx_word' id='word_1_420' title='bbox 571 4287 639 4371; x_wconf 91' lang='lat' dir='ltr'><strong>ipse</strong></span> <span class='ocrx_word' id='word_1_421' title='bbox 655 4287 741 4352; x_wconf 89' lang='lat' dir='ltr'><strong>videt</strong></span> <span class='ocrx_word' id='word_1_422' title='bbox 757 4285 900 4370; x_wconf 88' lang='lat' dir='ltr'><strong>quemvis</strong></span> <span class='ocrx_word' id='word_1_423' title='bbox 915 4283 970 4368; x_wconf 91' lang='lat' dir='ltr'><strong>qui</strong></span> <span class='ocrx_word' id='word_1_424' title='bbox 986 4283 1084 4346; x_wconf 89' lang='lat' dir='ltr'><strong>intrat</strong></span> <span class='ocrx_word' id='word_1_425' title='bbox 1098 4295 1131 4346; x_wconf 92' lang='lat' dir='ltr'><strong>et</strong></span> <span class='ocrx_word' id='word_1_426' title='bbox 1143 4305 1210 4348; x_wconf 88' lang='lat' dir='ltr'><strong>non</strong></span> <span class='ocrx_word' id='word_1_427' title='bbox 1222 4284 1309 4348; x_wconf 89' lang='lat' dir='ltr'><strong>videt</strong></span> 
     </span>
     <span class='ocr_line' id='line_1_40' title="bbox 144 4388 1309 4475; baseline -0.002 -21"><span class='ocrx_word' id='word_1_428' title='bbox 144 4389 259 4474; x_wconf 85' lang='lat' dir='ltr'><strong>aliquis</strong></span> <span class='ocrx_word' id='word_1_429' title='bbox 275 4399 362 4470; x_wconf 88' lang='lat' dir='ltr'><strong>euru)</strong></span> <span class='ocrx_word' id='word_1_430' title='bbox 379 4391 466 4453; x_wconf 88' lang='lat' dir='ltr'><strong>Mab.</strong></span> <span class='ocrx_word' id='word_1_431' title='bbox 489 4399 516 4468; x_wconf 91' lang='grc'><strong>1,</strong></span> <span class='ocrx_word' id='word_1_432' title='bbox 536 4398 608 4453; x_wconf 88' lang='grc'><strong>273.</strong></span> <span class='ocrx_word' id='word_1_433' title='bbox 620 4415 669 4473; x_wconf 83' lang='lat' dir='ltr'><strong>pa</strong></span> <span class='ocrx_word' id='word_1_434' title='bbox 685 4393 748 4475; x_wconf 78' lang='lat' dir='ltr'><strong>dyo</strong></span> <span class='ocrx_word' id='word_1_435' title='bbox 765 4415 785 4454; x_wconf 83' lang='lat' dir='ltr'><strong>a</strong></span> <span class='ocrx_word' id='word_1_436' title='bbox 797 4413 892 4474; x_wconf 74' lang='lat' dir='ltr'><strong>qun</strong></span> <span class='ocrx_word' id='word_1_437' title='bbox 908 4389 994 4471; x_wconf 90' lang='lat' dir='ltr'><strong>(quis</strong></span> <span class='ocrx_word' id='word_1_438' title='bbox 1010 4388 1132 4471; x_wconf 74' lang='lat' dir='ltr'><strong>plorat?</strong></span> <span class='ocrx_word' id='word_1_439' title='bbox 1150 4389 1309 4473; x_wconf 80' lang='lat' dir='ltr'><strong>kwynow)</strong></span> 
     </span>
    </p>

    <p class='ocr_par' dir='ltr' id='par_1_7' title="bbox 1041 4487 1102 4550">
     <span class='ocr_line' id='line_1_41' title="bbox 1041 4487 1102 4550; baseline 0 0"><span class='ocrx_word' id='word_1_440' title='bbox 1041 4487 1102 4550; x_wconf 78' lang='lat'><strong>32*</strong></span> 
     </span>
    </p>
   </div>
   <div class='ocr_carea' id='block_1_3' title="bbox 0 0 1619 5068">
    <p class='ocr_par' dir='ltr' id='par_1_8' title="bbox 0 0 1619 5068">
     <span class='ocr_line' id='line_1_42' title="bbox 0 0 1619 5068; baseline 0 0"><span class='ocrx_word' id='word_1_441' title='bbox 0 0 1619 5068; x_wconf 95' lang='lat' dir='ltr'><strong> </strong></span> 
     </span>
    </p>
   </div>
  </div>
 </body>
</html>
