3104 5078
305 383 369 446 208
424 381 453 444 1.
473 385 503 442 2.
535 397 704 444 consonus
720 395 946 441 snrrsnmoss
962 395 1174 440 rncuoanrns
1189 396 1401 442 111111111111.

304 550 436 616 rationis
451 547 654 632 regulariter:
681 544 784 610 trimas
800 547 940 628 (tempus
956 543 1054 608 trium
1068 544 1242 626 mensium)
1258 547 1347 610 Mab.
1368 555 1395 624 l,
1413 552 1460 610 26.

307 662 359 719 26.
377 653 542 718 1111111111
555 655 625 736 (sex
640 651 710 728 filii,
730 651 822 734 copis
836 673 892 713 sex
903 651 1056 732 filiorum)
1073 657 1101 726 1,
1117 655 1191 712 231.
1209 649 1383 736 chwepwyr
1400 655 1463 734 (sex

305 761 378 844 viri)
404 767 441 836 3,
461 766 513 822 99.
537 757 729 842 chweblwyd
754 755 931 838 (sexennis)
949 762 985 832 3,
1005 760 1056 818 32.
1097 755 1161 818 Sed
1184 767 1216 818 et
1243 755 1296 818 hic
1322 755 1461 820 infectio:

306 876 437 950 opwyr,
448 863 599 948 aeithwyr
611 865 700 946 (tres,
711 871 833 943 septem
844 859 917 942 viri)
930 867 958 936 1,
970 865 1043 922 282.
1056 867 1086 937 3,
1098 867 1150 922 99.
1169 860 1346 924 Β1111111111
1357 863 1464 944 poterit

305 969 405 1034 videri
416 969 569 1052 regularis
581 969 621 1032 ob
632 967 773 1032 vocalem
780 963 928 1048 primitus
935 965 1046 1048 procul
1053 963 1150 1029 dubio
1157 966 1406 1030 intercedentem
1413 967 1461 1048 (11.

305 1072 525 1158 πεμπέδουλα
540 1072 712 1154 Dioscor.),
730 1081 832 1134 status
853 1069 1043 1152 originarius
1065 1081 1176 1133 contre
1189 1082 1334 1135 servatus
1349 1072 1383 1134 in
1398 1092 1463 1154 sup

305 1182 462 1266 positione
477 1177 578 1243 veluti
592 1199 658 1240 non
673 1176 816 1240 obtineat
829 1175 1014 1258 compositio
1030 1175 1086 1238 sed
1100 1176 1293 1240 constructio
1310 1178 1366 1258 (Α.
1381 1178 1408 1240 Ι.
1423 1181 1461 1258 3).

392 1283 558 1350 Praevalet
578 1293 680 1346 status
702 1279 892 1364 originarius
914 1280 1018 1342 adhuc
1040 1279 1075 1342 in
1100 1280 1253 1344 hodierna
1274 1282 1388 1366 lingua
1406 1305 1463 1346 non

306 1393 410 1456 solum
429 1400 502 1474 post
524 1388 568 1452 tri
588 1398 620 1452 et
640 1385 725 1450 chace
746 1387 781 1448 in
802 1385 949 1448 consonis
972 1385 1155 1469 expertibus
1178 1387 1393 1471 aspirationis,
1416 1389 1462 1452 sed

305 1495 402 1561 etiam
423 1495 458 1558 in
487 1494 739 1578 quibuscumque
760 1501 832 1574 post
853 1491 1030 1553 numeralia
1052 1491 1145 1556 finita
1170 1492 1339 1556 consonis:
1371 1492 1463 1558 111111

305 1608 390 1685 (tres
412 1621 554 1676 menses,
579 1597 718 1681 spatium
745 1595 841 1658 trium
866 1594 1066 1676 mensium),
1090 1596 1189 1681 tribys
1216 1597 1340 1675 (11111111
1366 1597 1463 1681 digitis

261 1757 267 1768 .
305 1704 478 1791 praeditus,
496 1699 735 1788 τριδάκτυλος),
755 1700 864 1785 tridyn
887 1700 963 1782 (tres
985 1704 1163 1784 personae),
1181 1701 1388 1786 elsweqroaiti
1402 1707 1462 1782 (sex

304 1811 438 1885 vicibus,
453 1808 581 1890 sexies),
596 1804 774 1889 teirpwoith
786 1805 901 1887 (tribus
913 1805 1060 1887 vicibus),
1071 1806 1308 1890 pedeirpwoith
1320 1811 1463 1891 (quatuor

304 1919 371 1998 1.),
393 1920 550 1997 pumeant
572 1909 779 1994 (quingenti),
805 1911 927 1974 conmil
946 1913 1129 1993 (100,000).
1168 1912 1276 1975 Etiam
1301 1924 1376 1995 post
1399 1934 1462 1976 auo

306 2025 363 2103 (=
377 2041 503 2094 oowon,
521 2039 554 2102 p.
574 2024 626 2078 54.
647 2019 739 2096 150):
758 2016 948 2100 nowpwoa'tlr
964 2018 996 2097 (9
1014 1999 1103 2098 vie),
1121 2020 1396 2101 1111111111(900);
1413 2017 1461 2080 sed

305 2135 431 2188 contra:
460 2121 640 2206 pumwoitb
667 2123 699 2203 (5
716 2122 782 2203 v.),
811 2120 970 2184 conwaith
989 2123 1064 2204 (100
1081 2123 1148 2204 1.),
1177 2121 1339 2206 seithpont
1365 2125 1460 2205 (700),

305 2229 469 2317 wythpant
483 2231 586 2311 (800).

391 2333 564 2399 Cornioa
584 2331 745 2415 exempla:
773 2330 942 2416 terqweyth
958 2334 1033 2414 (ter)
1049 2333 1140 2396 Pass.
1158 2337 1208 2408 18,
1224 2337 1254 2394 2.
1272 2355 1378 2417 pomp
1392 2331 1465 2418 myli

305 2440 460 2526 (quinque
475 2438 592 2513 millia;
611 2436 638 2500 si
654 2447 759 2500 tamen
775 2446 853 2500 sunt
866 2437 1051 2520 composita,
1070 2437 1110 2500 cs.
1129 2459 1225 2521 supra
1239 2438 1269 2500 Ι.
1288 2442 1335 2521 3).

390 2543 590 2608 Armorice
612 2541 799 2625 regulariter
813 2551 915 2605 status
927 2542 1117 2626 originarius
1129 2553 1282 2607 servatus.
1310 2545 1351 2607 In
1363 2543 1458 2606 Buh.:

305 2661 380 2716 caat
391 2673 470 2735 puez
486 2647 633 2731 (centies)
650 2653 702 2724 86,
723 2653 773 2708 13.
791 2651 863 2723 172,
879 2654 909 2710 5.
943 2648 984 2710 In
998 2645 1152 2711 hodierna
1165 2648 1294 2732 lingua:
1315 2645 1461 2734 eirqoeu

304 2761 392 2839 (ter),
411 2753 611 2838 pederpwciz
626 2754 776 2836 (qnater),
793 2749 989 2834 pernpqwciz
1005 2751 1214 2836 (quinquies),
1236 2751 1461 2837 sumesque

305 2861 447 2944 (sexies),
465 2859 637 2943 aeizpweiz,
654 2856 810 2940 cizywea‘z,
827 2853 997 2939 mopweiz,
1015 2855 1184 2940 dekpwea'z,
1202 2859 1393 2943 upentqm
1408 2855 1460 2939 (vi-

303 2966 430 3050 gesies),
451 2962 626 3048 1111911111
641 2961 799 3044 (centies).

391 3074 421 3133 2.
447 3071 531 3134 Cum
550 3090 646 3152 supra
668 3066 760 3129 dictis
782 3067 856 3147 (sub
874 3067 915 3128 A.
934 3067 963 3129 Ι.
983 3072 1016 3149 6)
1037 3065 1323 3151 praepositionibus
1344 3085 1459 3150 compo

304 3177 366 3240 sita
387 3185 514 3238 servant
536 3193 708 3237 consonam
735 3171 940 3234 inchoantem
967 3175 1124 3236 secundae
1146 3171 1231 3236 vocis
1253 3171 1456 3256 originariam.

305 3280 534 3346 Cambrice:
559 3277 666 3342 roctol
685 3276 833 3358 (frontale
841 3299 850 3351 3
873 3297 891 3339 e
911 3298 1019 3361 praep.
1036 3299 1094 3341 roo
1116 3289 1148 3342 et
1169 3279 1271 3342 subst.
1289 3279 1346 3354 tol,
1367 3276 1457 3354 frons)

305 3387 393 3449 Mab.
412 3385 455 3468 sq.
709 3395 714 3402 '

391 3491 504 3572 Praep.
517 3495 567 3551 tro
574 3489 687 3569 (trans,
697 3489 817 3571 supra),
827 3508 909 3570 quae
915 3487 1046 3571 ponitur
1054 3488 1151 3552 etiam
1157 3487 1227 3552 loco
1235 3483 1456 3571 conjunctionis

305 3593 497 3679 (quamdiu),
512 3592 655 3677 aspirans
671 3603 782 3656 tenues
798 3603 976 3675 sequentes,
990 3614 1057 3656 non
1069 3592 1173 3676 tangit
1184 3605 1304 3656 ceteras
1316 3607 1455 3656 consonas

305 3707 448 3783 expertes
475 3697 674 3782 aspirationis
702 3697 796 3760 hodie
822 3719 963 3780 quoque:
995 3697 1168 3783 trobychoa
1195 3698 1301 3780 (valde
1324 3697 1452 3782 parvus),

265 3837 272 3849 ·
306 3805 400 3870 tado
421 3805 619 3887 (perbonus),
638 3803 784 3887 tropolor
805 3801 938 3884 (nimius
960 3797 1058 3878 ilolor,
1076 3804 1230 3885 morbus).
1263 3804 1305 3866 In
1328 3810 1455 3866 constru-

305 3912 409 3976 ctione
432 3921 538 3974 tamen
559 3919 631 3994 post
652 3915 703 3971 tro
723 3907 819 3970 etiam
841 3905 1006 3970 destitutio
1029 3907 1121 3970 obvia
1143 3907 1178 3970 in
1201 3909 1304 3986 Mau,
1322 3909 1395 3971 adeo
1413 3923 1454 3966 se·

304 4019 432 4100 quentis
451 4015 555 4080 tenuis
571 4015 623 4094 (C.
642 4014 670 4076 I.
692 4015 756 4094 10).

392 4125 471 4187 Post
485 4119 607 4184 vocales
622 4139 736 4182 vocum
751 4127 813 4193 tro,
831 4116 884 4193 tri,
899 4115 994 4194 chwe,
1009 4140 1041 4194 a,
1055 4139 1106 4195 no,
1121 4139 1165 4181 aa
1180 4129 1240 4180 111.
1258 4119 1300 4181 ob
1313 4114 1453 4202 perditam

305 4249 477 4292 consonam
501 4224 684 4300 finientem,
709 4222 760 4285 vel
785 4221 892 4305 potius
918 4221 1140 4300 assimilatam,
1169 4243 1306 4306 sequens
1331 4235 1453 4284 consona

263 4334 269 4348 “
305 4331 514 4416 supponenda
535 4339 583 4392 est
604 4325 734 4411 duplex,
752 4348 833 4410 quae
856 4327 884 4389 si
898 4337 947 4390 est
962 4327 1078 4406 tenuis,
1097 4327 1255 4413 aspiratur
1270 4331 1316 4410 (p.
1337 4317 1452 4404 173),si
1523 4369 1524 4406 4

214 4440 219 4448 '
305 4435 410 4498 media
432 4435 482 4498 vel
503 4455 546 4510 m,
564 4443 707 4498 servatur
728 4433 763 4496 in
783 4443 869 4496 statu
889 4431 1229 4526 originario(p.ll³2).
1261 4433 1336 4498 Non
1356 4427 1452 4494 eadem
1523 4423 1525 4448 '
