3184 5078
450 395 477 456 I.
510 402 537 456 l.
583 415 752 460 consonas
766 415 933 462 muricia.
1231 403 1271 462 tv

194 563 384 626 Recentiore
399 573 505 626 autem
520 575 603 627 ortas
617 575 756 647 tempore
771 577 804 629 et
816 577 890 649 post
904 578 1039 632 aetatem
1052 569 1271 632 Romanorum

116 669 259 754 prodiisse
274 667 399 732 affirmo
413 669 614 733 alterationes
629 691 840 736 consonarum
855 695 918 750 eas,
935 695 1016 757 quae
1031 677 1115 738 fiunt
1129 675 1189 738 sub
1205 697 1271 738 oer-

117 777 151 840 tis
171 775 288 858 regulis
309 785 343 837 et
363 774 572 858 positionibus
588 777 668 858 (non
688 776 761 838 illae
781 777 911 860 quidem
925 783 1061 864 semper)
1078 792 1144 844 tam
1158 780 1193 842 in
1207 802 1272 844 me-

115 884 163 946 dio
176 903 290 946 vocum
304 891 339 944 et
352 883 417 944 fine
425 927 434 956 ,
459 903 556 962 quam
570 881 605 944 in
620 881 712 944 initio
726 882 762 944 in
776 894 929 948 contextu
943 886 1113 962 sermonis,
1132 907 1273 969 quasque

116 989 215 1052 eadem
236 985 514 1062 denominatione,
541 1008 604 1069 qua
624 987 859 1070 designavimus
879 989 1037 1054 vocalium
1057 990 1269 1066 alterationes,

115 1093 247 1156 dicemus
268 1091 530 1154 infectiones.
561 1091 717 1156 Alteratio
731 1093 766 1156 in
787 1093 899 1176 lingua
921 1093 1084 1158 hibernica
1104 1115 1179 1177 prae
1202 1095 1272 1158 aliis

115 1197 413 1261 animadvertiturin
428 1196 589 1272 tenuibus,
599 1197 748 1260 utadhuo
763 1209 891 1262 exstant
905 1198 1069 1281 ingallicis
1081 1199 1210 1264 vocibus
1226 1211 1273 1263 at-

115 1325 169 1385 que
181 1303 316 1365 vetustis
332 1302 495 1365 cambrieis
510 1302 561 1364 vel
576 1301 748 1366 armoricis.
781 1305 872 1371 Quae
887 1315 999 1368 tenues
1014 1305 1099 1368 frunt
1112 1305 1274 1370 hibemiee

114 1407 277 1490 aspiratae,
303 1429 334 1471 e.
352 1429 400 1491 gr.
425 1407 460 1470 in
481 1407 554 1470 cath
569 1409 723 1490 (pugna),
743 1408 850 1472 lothan
871 1409 1016 1490 (lanm)e
1038 1409 1172 1472 vetustis
1187 1419 1271 1486 catu,

114 1513 185 1576 aaa
190 1540 204 1586 ,·
217 1512 252 1576 in
264 1512 368 1577 cathir
380 1513 511 1594 (cambr.
525 1523 589 1576 vet.
597 1516 741 1595 paam),
754 1514 789 1576 in
800 1514 931 1591 mdtlu'r,
941 1513 1066 1578 brdtlu'r
1077 1517 1202 1596 (mater,
1212 1515 1272 1578 fra·

117 1631 173 1694 ter;
186 1621 304 1682 cambr.
320 1629 385 1680 vet.
401 1619 526 1698 braut);
543 1617 578 1679 in
593 1617 685 1680 crach
700 1619 758 1700 (=
772 1640 866 1692 crua-
883 1639 973 1695 crux,
992 1619 1119 1701 crucis),
1137 1621 1276 1684 erwhad

114 1724 296 1806 (crucifixio)
303 1723 451 1806 aliisque.
466 1721 569 1786 Obvia
575 1722 877 1805 ejusmodiinfeotio,
887 1723 1030 1808 quamvis
1037 1723 1168 1788 minoris
1175 1725 1273 1788 ambi·

115 1840 161 1892 tus
174 1837 204 1892 ct
218 1829 340 1892 diversi
360 1849 449 1904 usus,
467 1827 564 1892 etism
578 1828 613 1891 in
627 1828 805 1892 britannica
820 1829 947 1912 lingua:
965 1829 1058 1894 north
1073 1830 1154 1913 (vis,
1172 1831 1273 1913 valor)

111 1955 139 1997 e.
154 1957 198 2017 gr.
215 1957 233 1997 e
247 1945 335 2012 nort,
350 1943 388 1996 ut
401 1945 450 1996 est
464 1933 569 1997 adhue
583 1933 618 1996 in
632 1933 795 1998 hibernica
808 1934 930 2017 lingua,
944 1935 1075 2019 jamque
1090 1936 1125 1998 in
1139 1927 1273 2000 vetustis

114 2041 287 2104 nominibus
302 2038 429 2123 gallicis
444 2038 626 2123 compositis
640 2039 847 2104 Nertomarus
854 2087 870 2116 ,.
883 2041 1061 2104 Cobnertus
1068 2066 1078 2116 ς
1102 2043 1274 2106 marchasio

115 2147 287 2230 (equestris)
300 2155 411 2209 ortum
425 2143 568 2228 egallico
579 2155 704 2208 vetusto
716 2165 826 2208 maroa
841 2140 975 2230 (μάρκα,
988 2141 1203 2232 τριμαρκισία
1218 2169 1270 2230 ap.

115 2252 279 2334 Pansam),
307 2261 348 2314 ut
362 2249 466 2312 adhue
487 2260 536 2314 est
556 2250 652 2314 etiam
666 2250 702 2312 in
722 2249 845 2314 hibern.
864 2261 927 2314 vet.
952 2253 1112 2317 mareoth.
1143 2254 1184 2316 In
1199 2275 1273 2316 oon-

114 2357 277 2421 structione
289 2356 418 2418 hibern.
428 2366 491 2418 vet.
504 2355 549 2418 tol
557 2355 667 2419 eliolno
680 2356 850 2440 (cupiditas
862 2357 979 2440 omnis)
991 2357 1151 2440 genitivus
1163 2357 1273 2422 ctolao
1333 2383 1338 2394 ·

115 2475 180 2524 este
190 2485 276 2526 nom.
289 2460 387 2524 celin.
406 2462 518 2524 Potest
526 2459 764 2544 ergodistingori
772 2473 1038 2527 statusoonsonae
1053 2463 1273 2546 primarius

116 2567 160 2630 vel
186 2565 438 2651 originarius
466 2575 499 2629 et
520 2577 622 2630 status
644 2565 863 2648 aspiratus,
887 2568 1055 2632 infectio
1081 2569 1272 2652 aspirata,

115 2673 221 2754 quibus
233 2685 345 2736 tamen
356 2671 667 2734 denominationibus
679 2671 719 2734 ob
726 2671 862 2754 liquidas
869 2695 950 2756 quae
958 2683 1102 2756 expertes
1111 2673 1274 2758 aspiratio·

114 2776 158 2840 nis
177 2777 440 2861 pronuntiatione
461 2776 659 2840 solummodo
685 2777 751 2840 sive
773 2779 898 2842 duriore
922 2779 988 2842 sive
1008 2779 1152 2842 molliore
1172 2779 1275 2862 profe·

113 2893 235 2960 runtur,
259 2883 400 2967 aptiores
419 2883 568 2946 videntur
589 2881 861 2946 denominationes
877 2893 978 2946 status
999 2883 1086 2946 duri
1106 2883 1275 2966 (primarii)

114 2998 143 3050 et
162 2999 261 3052 statim
281 2987 422 3052 mollis
445 2987 651 3069 (secundarii)
673 2987 739 3050 sive
761 2987 1001 3050 infectionis
1028 2988 1184 3064 mollis,
1202 3010 1276 3052 eum

115 3092 173 3156 sint
192 3106 224 3157 et
244 3095 330 3158 aliae
347 3092 544 3156 infectiones.
577 3092 728 3175 Inprimis
743 3094 938 3174 notandum,
963 3092 1167 3156 infectionem
1181 3097 1276 3158 modo

114 3197 224 3262 dicum
243 3199 316 3263 fieri
332 3198 456 3262 diverso
470 3197 601 3261 omnino
616 3199 710 3260 modo
725 3208 757 3260 et
772 3198 927 3262 oontrarie
942 3199 1086 3283 opposito
1101 3199 1136 3262 in
1152 3201 1275 3264 duabus

114 3301 237 3387 linguis,
255 3303 423 3368 hibernica
441 3313 473 3366 et
487 3303 675 3368 britannica.
700 3305 734 3368 N
735 3325 787 3366 am
798 3303 833 3366 in
848 3303 982 3368 dialecto
997 3304 1142 3368 codicum
1152 3315 1275 3370 nostro-

115 3429 179 3472 rum
200 3408 368 3474 hiberniea
387 3429 543 3472 consonae
563 3419 729 3472 servantur
749 3409 784 3473 in
804 3419 891 3472 statu
904 3409 1039 3493 pristino
1054 3421 1087 3472 et
1101 3421 1211 3474 contra
1225 3411 1274 3474 in-

115 3512 275 3578 factionem
291 3525 447 3597 teguntur
461 3514 629 3598 positione,
646 3515 669 3578 i.
684 3537 712 3578 e.
728 3513 755 3578 si
770 3525 846 3578 simt
856 3514 987 3597 junctae
1003 3536 1110 3578 secum
1125 3515 1191 3578 sive
1206 3537 1274 3580 eae-

116 3618 181 3682 dem
195 3621 381 3704 (duplices),
395 3619 461 3682 sive
476 3620 616 3683 diversae
629 3620 679 3682 vel
694 3619 835 3702 ejusdem
846 3619 897 3684 vel
907 3620 1102 3684 diversarum
1113 3621 1274 3698 classium,

116 3745 140 3785 e.
155 3747 201 3808 gr.
218 3725 361 3808 liqnidaa
376 3735 449 3808 post
462 3725 618 3807 liquidas,
644 3725 766 3790 mediae
781 3726 831 3789 vel
848 3737 958 3788 tenues
972 3737 1045 3809 post
1060 3726 1211 3809 liquidas,
1231 3737 1276 3790 te·

115 3849 187 3892 oues
207 3843 282 3914 post
304 3841 416 3893 tenues
431 3840 526 3913 (quaa
548 3829 677 3914 quidem
700 3841 811 3894 tenues
829 3831 864 3894 in
878 3831 1049 3913 posteriore
1063 3831 1132 3895 loeo
1146 3854 1211 3895 non
1227 3853 1276 3895 so·

117 3933 178 3997 lum
196 3937 285 4020 ipsae
308 3945 475 4012 tenentur,
501 3935 673 4000 sedetiam
694 3937 915 4000 antecedentes
939 3947 1045 4000 tenere
1060 3937 1196 4018 solent);
1221 3939 1275 4000 ob·

117 4041 222 4106 noxiae
237 4053 349 4106 autem
363 4053 440 4104 sunt
453 4040 617 4104 infectioni
628 4053 718 4104 extra
728 4041 930 4124 positionem,
944 4041 967 4104 i.
982 4063 1010 4105 e.
1028 4041 1056 4104 si
1067 4051 1144 4104 sunt
1155 4041 1277 4124 simpli-

118 4165 162 4209 oes
176 4159 207 4210 et
221 4147 401 4232 singulares
423 4146 507 4210 inter
529 4147 607 4210 duas
622 4146 745 4210 vocales
765 4146 800 4210 in
814 4147 918 4210 medio
934 4146 985 4209 vel
998 4155 1072 4228 post
1087 4145 1227 4207 vocalem
1242 4144 1277 4207 in

118 4251 186 4316 line.
217 4252 439 4317 Britannicam
458 4251 604 4335 linguam
622 4251 780 4316 contraria
801 4251 908 4334 sequi,
934 4251 962 4314 si
981 4253 1020 4314 fit
1039 4248 1186 4324 infectio,
1212 4271 1278 4312 una

119 4375 174 4420 vox
190 4357 257 4441 jam
278 4357 366 4422 diota
379 4359 497 4430 eambr.
514 4367 578 4420 vet.
596 4356 785 4432 marcatus,
809 4377 891 4438 quae
906 4365 955 4418 est
968 4355 1092 4418 hibern.
1111 4363 1174 4418 vet.
1192 4375 1278 4418 mar·

120 4462 199 4539 caol,
216 4463 411 4548 comprobat.
444 4463 599 4546 Exempla
613 4461 676 4526 alia
689 4461 828 4546 plurima
842 4461 924 4524 infra
939 4471 1121 4542 sequentur.
