3184 5078
362 418 391 480 1.
418 425 447 479 ¹.
484 436 653 481 cousousu
667 437 822 480 cnurrcsa
836 435 1030 480 usercense,
1233 415 1270 476 91

122 580 303 672 Ᾱκιχώριος
326 585 508 666 (Gallorum
530 585 610 670 dux)
633 586 914 660 Pausaniam.
939 582 1104 646 Fenochea
1123 581 1272 665 Inscript.

121 692 253 756 Nannet.
272 691 377 753 Orell.
395 697 489 752 4459.

195 796 245 858 De
266 795 483 858 destructione
503 794 611 858 classis
626 793 778 878 pristinae
793 793 1003 878 aspiraturum
1017 791 1052 856 in
1066 791 1185 873 linguis
1201 811 1275 854 con·

120 897 228 962 finibus
241 899 446 982 germanicae
460 910 582 983 aparte
598 911 750 982 utraque,
775 899 810 962 in
832 899 943 982 lingua
965 897 1082 961 slavica
1103 895 1222 960 scilicet
1244 905 1276 958 et

120 1005 231 1081 celtica,
242 1026 343 1088 supra
354 1004 476 1068 dictum
486 1015 535 1067 est
546 1007 593 1088 (p.
603 1009 642 1065 43
652 1007 755 1087 sqq.);
769 1005 864 1088 plena
874 1004 949 1066 inde
960 1001 1056 1084 hujus
1068 1000 1176 1064 classis
1187 999 1278 1083 copia

121 1131 162 1187 aa,
186 1131 266 1194 quae
286 1108 552 1172 animadvertitur
573 1108 608 1171 in
629 1108 760 1191 linguis,
786 1131 866 1191 quae
889 1117 1054 1171 servarunt
1075 1104 1277 1188 originariam

120 1235 323 1278 consonarum
345 1213 618 1288 distributionem,
644 1213 679 1274 in
700 1235 812 1296 graeca
827 1223 859 1276 et
873 1235 930 1296 pro
945 1211 1063 1294 majore
1076 1221 1166 1294 parte
1181 1209 1277 1272 etiam

120 1317 221 1395 latina,
246 1319 281 1380 in
304 1319 359 1381 his
383 1317 539 1381 observari
560 1339 627 1380 non
648 1327 764 1400 potest.
796 1317 957 1380 Nesciunt
977 1316 1103 1380 dialecti
1117 1313 1277 1400 pnusieae

121 1423 312 1503 (lithuanica,
339 1423 460 1499 lettica,
484 1421 609 1506 proprie
630 1421 786 1504 prussice)
809 1421 961 1504 aspiratus
977 1421 1118 1484 omnino.
1151 1419 1277 1502 Lingua

120 1527 228 1590 slavica
256 1539 290 1591 et
319 1527 434 1591 celtica
459 1527 607 1610 ignorant
635 1527 764 1610 quidem
786 1527 912 1588 easdem
934 1548 1059 1610 quoque
1080 1545 1138 1610 pro
1159 1523 1277 1607 majora

120 1643 210 1714 parte,
238 1643 386 1696 attamen
412 1651 510 1693 unam
536 1631 648 1695 saltem
674 1631 734 1694 sibi
760 1641 895 1714 utraque
921 1631 1011 1714 quasi
1032 1629 1132 1714 magis
1154 1639 1277 1713 gratam

121 1737 293 1801 reservavit.

198 1842 325 1906 Slavica
339 1841 475 1905 retinuit
490 1841 550 1906 sibi
565 1842 614 1920 cd,
632 1841 803 1930 aspiratam
817 1841 1021 1929 gutturalem.
1054 1843 1095 1909 In
1109 1839 1277 1929 gutturali·

122 1948 174 2010 bus
195 1947 282 2010 enim
304 1947 387 2010 haec
408 1947 537 2030 lingua,
561 1935 713 2031 neglectis
728 1949 902 2032 plurimum
917 1953 1039 2028 ceteris,
1064 1949 1231 2014 labiulibus
1247 1957 1279 2010 et

121 2051 304 2129 dentalibus,
332 2073 462 2116 omnem
483 2053 546 2115 fere
568 2074 659 2116 suam
680 2053 860 2119 infectionis
880 2055 946 2118 vim
965 2055 1210 2137 varietatemque
1225 2073 1278 2114 ex·

121 2155 235 2238 plicuit,
254 2179 491 2241 quamcumque
505 2158 664 2221 resolvens
679 2159 757 2222 adeo
771 2159 806 2222 in
821 2162 900 2224 duas
915 2161 1058 2236 infectas,
1073 2181 1096 2243 9
1110 2160 1145 2222 in
1160 2182 1178 2221 z
1192 2169 1224 2220 et
1239 2155 1278 2218 cd

123 2263 163 2342 (l.
179 2265 274 2344 mauja
289 2294 336 2316 ==
349 2283 474 2346 ynasco,
491 2263 575 2326 aima
590 2294 633 2318 =
648 2263 771 2328 hibern.
787 2265 874 2349 paim
881 2313 891 2342 ,
916 2265 1029 2343 hiems,
1047 2265 1147 2328 aarum
1161 2295 1205 2316 =
1218 2263 1278 2324 hu·

122 2367 227 2444 mua*
248 2369 337 2431 miza
352 2399 397 2420 =
410 2369 547 2450 mulgeo,
572 2390 610 2430 az
624 2399 668 2422 ==
682 2389 757 2451 ego;
785 2375 814 2431 2.
832 2369 932 2433 aleno
946 2401 989 2423 =
1003 2365 1090 2456 γυνή,
1108 2366 1224 2432 balaa·
1236 2397 1279 2419 =

122 2473 329 2558 gerulique,
352 2472 439 2536 locha
452 2503 495 2526 =
509 2471 633 2535 hibern.
650 2483 713 2536 vet.
733 2473 825 2556 Ερμῆς
844 2474 866 2536 k
880 2474 915 2536 in
929 2496 944 2537 e
960 2485 992 2537 et
1007 2497 1040 2537 ez
1056 2477 1101 2555 (l.
1119 2473 1225 2537 sedec
1235 2499 1280 2524 -·=·

123 2598 179 2653 cor,
203 2579 317 2654 cordis,
345 2577 470 2640 hibern.
494 2585 557 2638 vet.
582 2578 680 2653 eride,
705 2577 795 2642 elaad
809 2611 853 2632 ==
867 2579 990 2642 hibern.
1009 2580 1108 2656 claua,
1137 2575 1276 2650 auditus,

124 2683 221 2763 dagal
233 2715 277 2736 ==
292 2679 395 2777 δέκας
406 2680 438 2716 ”
464 2687 495 2743 2.
513 2689 635 2765 ezetyre
647 2713 692 2734 ==
704 2681 753 2745 lit.
772 2683 911 2761 lecturas,
936 2685 1060 2746 hibern.
1078 2693 1141 2746 vet.
1167 2679 1277 2754 cathir,

123 2785 174 2848 lat.
190 2797 340 2870 quatitur,
360 2785 492 2860 laboziti,
509 2785 645 2862 mederi,
665 2787 800 2864 lieczko,
819 2789 950 2865 curatio,
968 2811 987 2850 a
1003 2789 1087 2869 ljek,
1104 2784 1259 2864 medicus)
1268 2805 1277 2857 ;

123 2889 159 2954 tlt
171 2891 205 2954 in
219 2915 235 2956 a
249 2903 282 2955 et
297 2915 334 2955 ez
351 2891 397 2972 (1.
418 2889 534 2964 Ozecd,
551 2889 636 2972 plur.
657 2871 762 2968 Ozeet',
785 2893 899 2975 placeb,
918 2893 1043 2968 surdus,
1067 2891 1151 2974 plur.
1167 2887 1278 2973 pluuii,

124 2995 239 3072 maoch,
257 2993 436 3069 nesoclom,
455 2993 525 3068 tuli,
545 2994 687 3072 tulimus,
705 3005 834 3072 neaoate,
854 2997 988 3072 tulistis3
1019 3001 1048 3057 2.
1066 3015 1212 3069 oeeoeza,
1231 3003 1281 3055 tu·

123 3097 239 3176 lerunt,
265 3099 364 3174 such,
389 3097 502 3173 siccus,
520 3097 647 3175 omziti,
665 3099 806 3182 siccare).
839 3101 972 3164 Accedit
991 3123 1059 3164 azcz
1079 3109 1147 3163 orta
1167 3097 1281 3180 eposi-

126 3201 204 3266 tione
218 3201 435 3286 gutturalium
450 3201 597 3282 (moerori
616 3224 633 3264 e
648 3205 747 3288 moqti
750 3251 760 3280 ,
778 3203 910 3281 mozltt‘,
928 3225 1035 3288 posse;
1060 3225 1180 3280 norece,
1203 3224 1279 3278 nox,

126 3337 165 3358 =
177 3316 265 3380 noan
289 3307 429 3381 dszczer,
454 3305 521 3368 filia
534 3337 579 3360 π
592 3307 641 3370 lit.
659 3309 786 3383 dukiie,·
811 3311 958 3391 placatos,
981 3309 1114 3393 pallium
1120 3357 1130 3386 ,
1148 3339 1192 3361 =
1205 3307 1279 3370 boh.

123 3409 272 3494 placitu).
307 3409 486 3474 Infectione
511 3411 723 3492 gutturalium
747 3413 828 3476 mire
852 3415 986 3477 varietas
1012 3413 1210 3477 sibilantium
1235 3423 1284 3476 est

127 3525 203 3590 orta,
228 3537 311 3598 quae
336 3515 497 3578 interdum
518 3515 715 3579 solummodo
737 3517 771 3580 in
787 3517 863 3580 alias
878 3519 992 3582 classes
1009 3517 1283 3601 transgrediuntur

128 3617 215 3696 (zliw
229 3641 247 3682 e
259 3620 326 3704 qim
341 3651 386 3672 π
399 3619 522 3683 hibern.
541 3619 610 3696 tiu,
635 3620 741 3696 vivus3
770 3643 788 3683 e
803 3622 912 3686 woditi
924 3625 963 3687 fit
976 3624 1137 3704 worldyia,
1156 3623 1247 3696 duco,
1266 3641 1283 3682 e

128 3721 249 3804 capeti
277 3725 445 3800 odoszczu,
477 3724 560 3800 volo,
591 3723 683 3787 sibilo
705 3726 876 3808 praemisso
898 3739 973 3790 ante
1002 3727 1143 3790 dentales
1173 3727 1197 3788 d
1201 3773 1211 3801 ,
1244 3727 1281 3805 t).

135 3915 337 3930 m—

192 4032 204 4060 ·
221 4031 265 4098 Η,
286 4032 339 4086 CH
357 4032 503 4102 originaria
520 4031 551 4086 m
567 4049 586 4101 9
604 4033 710 4098 slaviae,
731 4051 800 4104 quae
818 4043 910 4090 manet
925 4035 1094 4092 solummodo
1106 4040 1169 4088 ante
1182 4031 1285 4086 vocales

130 4127 255 4184 mosque
267 4133 325 4170 non
338 4117 501 4172 inficientes:
514 4122 575 4186 goat
585 4141 620 4161 ==
632 4117 723 4182 docta
736 4120 814 4186 μανά,
827 4121 898 4188 prad
907 4145 942 4164 =
950 4117 1060 4189 χόρτος.

182 4219 206 4246 “
224 4219 346 4274 variatio
358 4219 439 4292 hujus
451 4221 584 4276 inferioris
596 4221 750 4276 iniectionis
762 4224 861 4292 gradus
874 4231 915 4278 est
927 4241 941 4274 o
955 4223 999 4294 (=
1012 4224 1046 4292 ts)
1067 4222 1096 4274 in
1114 4219 1285 4276 derivationi-

133 4298 176 4354 bus
188 4311 214 4354 et
224 4303 389 4358 flexionibus
401 4305 571 4374 praesertimt
591 4307 726 4360 Moraweo
784 4307 947 4372 Moravicus,
963 4325 1001 4376 po
1013 4308 1092 4372 rjesje
1107 4305 1152 4374 (ad
1164 4303 1284 4374 fluvium)

131 4398 144 4433 e
165 4401 235 4439 nom.
261 4387 347 4453 ry’eka,
375 4403 389 4438 e
413 4403 467 4455 quo
491 4388 574 4442 deriv.
600 4391 704 4460 ry'eczka
716 4417 750 4434 =
762 4389 868 4455 sffekiko
892 4407 953 4443 oum
977 4389 1121 4442 infectione
1144 4387 1288 4458 superioris

132 4468 234 4534 gradum
