3204 5084
437 1423 665 1524 LIBER
700 1423 1002 1526 PRIMUS.

657 1695 787 1706 ,ιι-ψ...-

573 1879 651 1958 DE
686 1876 794 1960 SON
796 1877 862 1960 IS.

220 2135 301 2209 S'oui
322 2145 453 2230 linguae
474 2145 618 2220 celticae,
644 2165 725 2228 quae
754 2143 1002 2230 deprehenditur
1032 2170 1098 2212 una
1119 2147 1303 2233 linguarum
1393 2185 1398 2196 ,

134 2252 230 2316 Asiae
245 2261 279 2314 et
294 2251 441 2334 Europae
453 2249 599 2312 affinium
614 2273 633 2312 a
643 2249 826 2333 primordio,
840 2250 875 2314 in
887 2251 958 2314 aliis
969 2252 1098 2334 quidem
1110 2256 1302 2318 concordans

134 2379 208 2419 cum
223 2355 337 2419 ceteris
352 2355 495 2441 ejusdem
509 2353 652 2438 originis,
667 2355 701 2417 in
717 2353 786 2418 aliis
799 2355 925 2440 propria
937 2365 969 2418 et
980 2357 1030 2419 sui
1042 2359 1178 2441 generis,
1193 2381 1301 2443 quam·

134 2461 181 2524 vis
209 2461 252 2524 sit
273 2473 306 2523 11
327 2460 397 2543 ipsa
411 2459 522 2537 divisa,
547 2482 587 2523 cx
602 2483 665 2544 quo
681 2471 807 2523 exstant
822 2461 938 2544 scripta
952 2474 1170 2540 monumenta,
1188 2465 1302 2527 induo

133 2566 305 2650 praecipue
319 2587 453 2648 genera,
478 2587 581 2628 unum
594 2565 811 2642 hibernicum,
832 2565 968 2630 altemm
982 2567 1197 2632 britannicum
1210 2567 1301 2651 galli-

134 2692 289 2754 cumquc‚
314 2692 383 2734 sese
403 2670 523 2734 habent
543 2683 580 2733 ut
597 2669 708 2753 lingua
728 2669 798 2753 ipsa
812 2669 927 2734 omnis.
961 2655 1168 2736 ¹Concordant
1183 2673 1303 2736 scilicet

134 2777 168 2840 in
183 2797 311 2839 summa
326 2775 455 2858 quidem
470 2795 543 2837 cum
558 2774 644 2837 sonis
660 2775 794 2838 aliarum
809 2775 955 2838 affinium
969 2776 1163 2860 linguarum,
1182 2777 1217 2838 in
1232 2797 1301 2858 spe·

134 2881 181 2944 cie
196 2892 307 2943 tamen
321 2879 457 2963 propriis
472 2878 531 2941 viis
548 2890 579 2942 et
594 2879 717 2962 legibus
733 2880 934 2942 evolvuntur.
967 2883 1055 2948 Quas
1071 2901 1221 2944 sonorum
1237 2891 1301 2944 tam

133 2986 274 3069 origines
290 3007 388 3068 quam
403 2983 488 3066 leges
504 2984 693 3047 evolutionis
708 3005 836 3061 eruere,
857 2985 994 3048 stamina
1009 2997 1041 3050 et
1056 2986 1213 3048 elementa
1227 3006 1301 3068 ergo

133 3091 266 3174 linguae
276 3089 455 3171 utriusque,
468 3088 648 3152 hibernicae
660 3099 692 3152 11
702 3089 909 3166 britannicae,
921 3112 1088 3174 exponere,
1099 3088 1195 3174 hujus
1206 3089 1301 3173 primi

132 3195 207 3258 libri
222 3205 449 3277 argumentum
464 3193 534 3257 erit.

221 3301 383 3363 Sonorum
397 3298 489 3381 signa
503 3297 526 3360 i.
544 3320 572 3362 1.
590 3299 717 3376 literae,
737 3285 783 3363 Ι111
800 3321 862 3384 quo
880 3303 1049 3364 traduntur
1063 3301 1194 3385 gallicae
1209 3323 1300 3365 voces

133 3406 184 3468 111
198 3399 333 3470 nomina
348 3427 367 3466 a
383 3403 549 3481 Romanis,
566 3426 606 3468 cx
622 3427 684 3488 quo
701 3405 827 3469 transiit
841 3405 1013 3471 christiana
1027 3407 1137 3490 religio
1153 3407 1300 3470 11101111-
1372 3391 1375 3399 ’

133 3511 184 3574 nis
196 3511 238 3573 ad
250 3509 375 3583 Gallos,
390 3509 561 3572 Britannos
574 3521 607 3572 et
617 3510 790 3588 Hibernos,
805 3533 935 3574 romana
946 3521 1023 3575 aunt
1033 3511 1084 3574 vel
1094 3512 1205 3588 latina,
1219 3532 1301 3594 quac

15 3643 19 3650 ·
134 3616 221 3697 apud
237 3613 401 3676 Hibernos
416 3612 484 3695 jam
499 3613 574 3675 inde
588 3636 607 3676 a
622 3615 728 3677 seculo
743 3615 855 3697 quinto
870 3617 997 3699 propria
1011 3617 1111 3680 forma
1126 3617 1254 3679 exculta
1269 3627 1302 3678 11

134 3731 331 3802 transgressa
359 3719 399 3781 ad
419 3718 542 3802 Anglos
570 3728 602 3781 11
623 3719 765 3782 Saxones
791 3741 908 3784 nomen
929 3733 1118 3804 accepertmt
1138 3722 1301 3784 literarum

134 3823 454 3908 anglosaxonicarum
470 3821 520 3884 vel
535 3821 706 3905 ¹scripturae
722 3823 995 3906 anglosaxonicae.
1020 3827 1105 3890 Ante
1120 3825 1227 3888 literas
1243 3825 1301 3887 has

134 3951 153 3992 a
167 3928 325 3992 Romanis
341 3939 481 4010 receptas
497 3929 583 4010 apud
596 3928 731 4011 populos
747 3929 873 3993 celticos
889 3934 1077 4014 scripturam
1091 3930 1251 4014 propriam
1266 3928 1302 3992 in

134 4055 195 4096 usu
222 4032 340 4108 scrisse,
370 4032 587 4095 testimonium
613 4031 777 4115 perhibere
803 4033 928 4096 videtur
948 4057 1065 4098 nomen
1089 4033 1231 4116 Opma'us,
1250 4031 1302 4094 dei

85 4203 90 4214 ,
134 4136 240 4221 gallici
263 4137 418 4199 sermonis
434 4148 466 4200 et
481 4137 627 4220 linguae,
651 4139 736 4220 quod
757 4137 877 4201 scilieet
898 4160 1014 4201 nomen
1037 4139 1124 4220 apud
1139 4137 1301 4199 Hibernos

134 4262 234 4324 usque
250 4241 292 4303 ad
308 4240 462 4304 hodierna
478 4253 618 4324 tempora
638 4254 798 4306 servatum
812 4253 860 4305 est
875 4241 909 4303 in
925 4263 1000 4305 voce
1019 4243 1120 4326 Opem
1136 4241 1298 4326 (thum,

138 4345 286 4430 Ochum)
303 4346 492 4428 designante
509 4345 847 4430 scripturaevetustae
868 4345 1048 4410 hibernicae
1068 4347 1233 4430 proprium
1246 4369 1300 4431 ge·
1375 4381 1379 4390 =

135 4471 211 4527 nus,
236 4450 372 4514 obvium
394 4449 429 4512 in
444 4449 587 4534 lapidum
606 4451 867 4536 inscriptionibus
896 4450 1046 4528 vetustis,
1074 4453 1301 4537 cognitumque

184 4579 247 4620 101.
263 4567 287 4620 1.
844 4567 846 4572 '
1075 4561 1089 4616 1
