3218 5068
200 373 268 436 III.
288 376 319 434 2.
351 393 453 437 vanni
470 393 667 438 narrnumm
682 394 794 440 Acrrvr
809 394 968 438 4444440444
983 394 1204 440 succensam.
1252 375 1313 438 509

146 540 264 626 qwreic
277 541 325 605 mt'
337 562 358 618 o
372 542 482 605 rodwn
497 541 537 606 itt
551 563 634 606 caen
648 542 707 606 acal
717 555 739 627 y
752 542 871 626 pwelut
885 564 942 604 cua
956 563 1027 624 pan
1039 542 1105 606 clut
1113 567 1135 628 y
1146 565 1262 628 myron.
1277 565 1315 605 ac

148 669 191 732 ny
206 646 297 709 4444141
309 647 350 730 ‘ff
358 646 439 731 dyda'
452 647 493 728 (si
508 649 598 710 dares
614 647 695 710 mihi
706 649 803 710 fidem
814 658 915 724 tuam,
929 647 1132 729 pollicereris,
1146 670 1197 712 me
1209 669 1315 710 amare

148 750 286 814 maxime
298 750 381 812 inter
392 751 551 828 mulieres,
562 773 621 834 ego
632 752 740 814 darem
753 751 811 814 tibi
822 751 972 834 lapidem,
987 751 1033 814 ita
1044 762 1082 814 ut
1092 751 1213 814 videres
1225 771 1310 826 eum,

149 865 344 938 serpentem,
369 877 443 918 cum
462 855 614 933 intrares,
639 866 671 919 et
691 878 758 918 non
779 855 901 918 videret
923 855 991 938 ipse
1012 861 1057 936 te)
1074 856 1161 918 Mab.
1183 863 1219 931 1,
1238 861 1311 916 273.

142 981 220 1044 pwy
243 961 303 1022 ced
321 982 343 1043 y
355 981 426 1042 qwr
441 961 591 1044 mwyhaf
600 969 718 1044 agerat
731 960 841 1024 4141444.
858 981 934 1044 mpn
949 967 1076 1044 oypcret
1090 960 1186 1045 etlym
1198 957 1320 1044 qlcdyf

149 1064 225 1126 coclt
248 1065 340 1148 ocdy
353 1085 424 1147 pror
437 1065 589 1150 mwykaf
603 1089 623 1128 a
636 1087 748 1148 panon
764 1066 778 1128 t'
792 1065 877 1148 (quis
892 1075 976 1148 esset
989 1064 1048 1140 vir,
1067 1086 1162 1146 quem
1176 1063 1314 1126 maxime

149 1168 292 1232 amares?
304 1170 401 1232 fidem
412 1190 526 1246 meam,
541 1171 580 1233 E.
596 1170 695 1253 gladii
706 1171 794 1234 rubri
806 1181 888 1234 esset
899 1169 957 1245 vir,
973 1191 1068 1252 quem
1079 1169 1217 1232 maxime
1229 1190 1314 1231 ama·

147 1277 228 1354 rem)
245 1275 333 1336 Mab.
356 1281 384 1350 1,
404 1279 477 1335 276.

234 1396 331 1458 Corn.
353 1395 470 1470 YTH,
495 1393 590 1457 ETH
609 1397 785 1458 secundum
807 1395 997 1478 analogiam.
1030 1394 1223 1476 Exemplum
1249 1415 1315 1456 non

147 1498 261 1581 reperi.

234 1619 359 1681 Armor.
377 1619 450 1680 EZ:
477 1619 527 1682 col
546 1642 567 1682 a
585 1641 661 1704 prce
672 1622 743 1706 fler
762 1642 876 1685 manen
900 1643 976 1706 prez
999 1621 1174 1704 (jacturam
1196 1621 1313 1684 faceres

148 1745 310 1806 magnam,
328 1723 435 1786 sinon
450 1723 483 1785 id
497 1724 628 1807 faceres)
643 1727 729 1788 Buh.
751 1733 823 1803 164,
842 1734 873 1789 8.

236 1851 266 1906 3.
283 1867 366 1929 pers.
399 1845 526 1908 Cambr.
550 1846 607 1908 ΕΙ.
641 1848 855 1912 Indicativus:
881 1871 924 1934 ny
946 1848 1153 1933 doethoedynt
1174 1870 1236 1966 gno
1257 1871 1314 1911 na·

148 1970 223 2034 myra
238 1971 278 2012 ar
290 1971 361 2033 paor
375 1949 526 2067 mwpltaf
534 1973 554 2012 o
566 1972 659 2034 parea
655 1951 733 2035 bap
748 1976 791 2016 an
808 1955 950 2018 ocadrmt
964 1957 1044 2034 (non
1059 1953 1149 2016 ibant
1136 1953 1226 2016 tnisi
1241 1975 1314 2017 cum

83 2067 91 2080 ·
148 2054 226 2130 viro,
245 2075 339 2137 quem
359 2054 496 2117 maxime
517 2057 644 2120 amabat
665 2058 794 2140 quaeris
809 2062 931 2142 earum)
948 2059 1036 2121 Mab.
1057 2065 1085 2135 1,
1106 2065 1157 2122 36.
1181 2083 1224 2144 ny
1240 2059 1314 2144 clay-

148 2158 311 2222 uoccltaei
320 2159 544 2244 noryatwffwl
551 2183 613 2224 aar
622 2163 737 2248 cledyf
743 2165 822 2246 (non
834 2164 1053 2226 concrescebat
1064 2184 1122 2226 nec
1136 2165 1243 2228 clavus
1254 2185 1314 2227 nec

148 2262 286 2348 gladius)
303 2265 392 2327 Mab.
413 2271 443 2341 1,
463 2271 536 2327 247.

231 2384 482 2467 conjunctivus:
495 2408 545 2448 -cu
559 2386 749 2473 lmcndytlt
765 2409 840 2473 ary
855 2409 915 2470 nep
931 2387 1078 2472 egkemry
1094 2388 1217 2472 alccrey
1233 2390 1313 2468 (ma-

147 2486 351 2551 ledictionem
370 2511 472 2564 suam,
491 2490 652 2568 dixerim,
671 2491 706 2553 in
726 2513 800 2554 eum
820 2491 854 2554 in
870 2491 1025 2567 (lambris,
1044 2491 1099 2574 qui
1115 2491 1251 2568 vitiaret,
1270 2491 1313 2554 le-

147 2595 234 2674 gem)
250 2591 328 2674 Leg.
342 2593 441 2675 praef.

233 2712 482 2777 Conditionalis:
500 2713 562 2795 pci
578 2715 727 2800 quppei
746 2739 767 2802 y
789 2715 968 2780 marchcwc
987 2715 1096 2802 lyany
1115 2739 1136 2801 y
1152 2715 1245 2779 deaei
1257 2715 1314 2800 yth

147 2816 308 2903 amdt'ffyn
330 2817 379 2899 (si
400 2817 494 2880 sciret
515 2841 609 2902 eques
631 2821 703 2896 hoc,
729 2821 850 2884 veniret
872 2823 913 2884 ad
933 2821 1133 2885 liberandum
1155 2824 1205 2904 tc)
1222 2822 1311 2884 Mab.

150 2928 179 2996 1,
200 2926 250 2982 32.

232 3027 329 3088 Corn.
358 3028 398 3090 E.
430 3028 586 3092 Iudicat:
622 3029 780 3112 moropctlt
813 3052 833 3092 a
864 3052 966 3114 uptam
996 3029 1149 3112 (equitare
1174 3031 1313 3112 volebat)

148 3131 239 3194 Pass.
256 3136 308 3207 28,
324 3138 354 3192 4.
381 3133 655 3214 Impersonaliter:
674 3155 723 3196 me
737 3157 780 3218 ny
792 3133 883 3218 qaffe
898 3135 983 3219 aeyle
997 3157 1052 3197 aas
1067 3155 1141 3217 may
1148 3135 1191 3218 fo
1203 3137 1313 3216 damp-

147 3258 207 3320 nps
223 3239 295 3318 (ego
318 3257 383 3299 non
403 3236 605 3300 inveniebam
625 3260 752 3301 causam
770 3239 903 3322 justam,
921 3251 959 3302 ut
981 3239 1023 3302 sit
1037 3241 1220 3320 damnatus)
1239 3245 1310 3316 142,

149 3349 180 3403 4.
213 3339 406 3422 conjunct:
430 3365 452 3426 y
475 3341 560 3406 4144414
575 3364 657 3427 pocy
679 3365 753 3427 may
766 3342 852 3407 144114
868 3345 950 3424 (ivit,
968 3356 1006 3407 ut
1020 3365 1107 3406 orare
1121 3347 1241 3428 posset)
1259 3351 1311 3420 53,

149 3453 179 3508 3.
197 3469 214 3508 o
230 3469 250 3509 a
262 3467 409 3531 pymmya
425 3467 480 3508 rac
495 3467 569 3530 may
581 3447 679 3510 welhe
690 3450 768 3532 cors
776 3449 833 3512 1441
844 3451 948 3535 pcdry
961 3451 1083 3529 (tantae
1094 3449 1221 3512 virtutis
1233 3460 1311 3526 crat,

145 3565 362 3634 unguentum,
381 3561 419 3613 ut
433 3563 571 3614 servaret
586 3575 698 3635 corpus
714 3573 779 3615 non
794 3557 992 3635 putrescens)
1010 3559 1083 3630 235,
1103 3560 1133 3617 2.

232 3679 357 3740 Armor.
376 3677 420 3738 E:
446 3698 543 3740 amon
564 3700 617 3741 ma
639 3679 748 3742 1444444444
769 3701 803 3741 ez
825 3701 940 3744 manen
960 3681 1021 3743 den
1043 3703 1063 3742 a
1084 3703 1145 3762 nep
1161 3703 1227 3762 pen
1243 3702 1313 3742 nem

145 3781 277 3864 94414444
285 3781 343 3862 (ibi
356 3803 414 3864 ego
423 3781 508 3844 solus
520 3784 699 3859 manebam,
709 3783 804 3846 homo
816 3785 906 3846 nullo
917 3785 1011 3847 modo
1022 3806 1074 3846 me
1085 3783 1313 3865 interrogabat)

148 3887 235 3948 Buh.
257 3892 306 3962 12,
326 3892 378 3947 20.
398 3891 450 3947 21.
476 3887 532 3948 doe
553 3908 625 3950 maz
640 3909 713 3950 care
728 3889 785 3950 dre
800 3911 816 3950 e
831 3877 909 3951 actlr
923 3911 976 3951 am
988 3888 1090 3971 probe
1105 3888 1208 3950 saluet
1222 3888 1314 3960 (deus

147 3989 175 4052 si
195 4003 326 4066 amaret,
341 3993 399 4054 deo
415 3990 442 4053 si
457 3991 606 4073 placeret,
620 3993 867 4074 perpotentiam
881 4015 972 4054 suam
986 4014 1037 4054 me
1048 3993 1165 4056 faceret
1176 3991 1313 4072 salvum)

150 4099 223 4169 106,
239 4099 291 4155 23.
307 4101 358 4157 24.
376 4097 590 4179 449411441444
606 4095 694 4157 cham
710 4098 789 4176 (non
805 4109 911 4178 posset
926 4095 1040 4178 aliquis
1056 4097 1197 4178 manere)
1211 4103 1263 4172 94,
1280 4102 1311 4158 2.

146 4198 189 4262 In
211 4199 446 4262 constructione
468 4199 687 4282 impersonali:
714 4221 770 4263 eno
786 4221 835 4263 me
849 4201 944 4264 corbe
960 4203 1052 4281 (tunc
1066 4221 1216 4276 amarem,
1234 4201 1315 4263 mihi

146 4303 298 4386 placeret)
318 4309 389 4380 158,
410 4313 460 4366 15.
483 4326 533 4368 mc
554 4303 659 4368 4444144
681 4304 788 4388 riqocl
807 4327 842 4368 ez
855 4305 955 4390 falke
970 4307 1141 4385 (crederem
1161 4307 1246 4386 quod
1269 4306 1312 4368 R.

140 4408 323 4490 falleretur)
339 4415 410 4486 164,
428 4415 478 4472 12.
497 4432 518 4472 o
533 4417 562 4474 44
568 4409 714 4494 proaffe,
729 4432 750 4474 a
766 4419 794 4474 tc
802 4410 914 4496 praffc
925 4414 980 4492 (an
996 4419 1032 4472 tu
1043 4411 1190 4494 probares
1198 4408 1225 4492 l)
1241 4415 1312 4486 158,
