3218 5068
236 373 303 436 ΙΙΙ.
322 377 353 434 2.
385 391 487 436 vnum
503 391 699 438 surusuurcr
715 390 841 438 erssrvr
858 391 1017 438 russone
1031 375 1210 436 cerneum.
1258 370 1320 436 523

245 543 369 608 Armor.
394 540 450 604 ΟΖ
468 543 539 624 (pro
558 561 627 617 mre,
645 561 722 604 oerz
735 571 779 594 ι-
793 541 910 606 cembr.
927 540 1028 614 wrth-
1051 539 1092 604 cf.
1111 551 1218 606 temen
1231 539 1318 606 Buh.

161 655 213 724 38,
233 651 268 709 5:
294 669 330 709 oz
349 667 436 722 rom,
453 655 492 708 ut
510 647 596 727 rex):
620 645 681 728 hep
702 667 774 710 mar
797 646 922 710 &rueret
941 667 977 710 oz
996 654 1080 710 torret
1094 645 1204 728 (libere
1219 643 1322 711 dicere

154 754 330 836 jurantem,
348 752 484 834 oportet)
500 750 587 816 Buh.
608 756 645 814 17
650 755 681 826 2,
702 759 729 814 1.
756 772 792 814 oz
806 749 1054 834 ormoffbepret
1067 749 1239 834 esaedouff
1246 751 1322 830 (tre-

159 879 250 926 mens
264 876 389 940 semper
404 858 489 938 sum)
504 861 576 934 198,
593 861 623 918 9.
641 877 676 920 ez
687 877 740 920 oez
751 856 857 923 rouel
865 878 900 918 oz
911 855 973 923 leon
985 853 1096 940 queen
1108 853 1182 937 (erit
1194 863 1322 916 sanctus

85 1013 87 1018 ,
159 984 218 1032 nos
236 961 421 1040 instituens,
438 981 496 1024 nos
511 960 672 1043 instituet)
690 965 762 1038 184,
783 968 833 1024 17.
866 961 907 1028 Iu
922 959 1075 1027 hodierno
1089 958 1200 1044 lingua
1214 980 1232 1022 o
1247 960 1324 1040 (ser-

159 1090 238 1135 vans
262 1077 384 1142 tenues,
402 1064 579 1150 provehens
600 1065 825 1148 medicorum
847 1085 1000 1132 consonas
1021 1063 1163 1150 ponitur,
1181 1061 1247 1131 oe'h
1262 1065 1324 1144 (est

160 1172 257 1242 etiam
271 1192 379 1256 praep.
394 1169 471 1248 oo’t,
486 1169 574 1236 ouc’k
588 1193 646 1255 pro
660 1193 730 1247 our,
743 1179 798 1238 out
807 1201 851 1225 τι
860 1171 979 1239 combr.
993 1169 1089 1254 ortt)
1100 1177 1176 1237 ante
1187 1167 1320 1233 vocales.

638 1465 841 1542 Passivum.

249 1661 409 1726 Flexionis
423 1662 597 1746 personalis
612 1661 740 1726 nullum
755 1663 891 1748 emplius
906 1671 1050 1748 superest
1063 1659 1243 1743 vestigium.
1270 1657 1324 1719 In-

163 1767 290 1833 venitur
303 1767 370 1830 sols
380 1767 611 1850 impersonalis,
626 1769 693 1832 solo
703 1769 803 1832 forma
815 1767 935 1832 scilicet
945 1767 1055 1832 tertiae
1066 1785 1230 1851 personae,
1244 1781 1325 1844 quoe

163 1874 271 1937 infixis
289 1873 529 1956 pronominibus
551 1873 648 1936 etiam
667 1872 800 1936 inservit
820 1872 1036 1957 significandis
1057 1870 1168 1935 ceteris
1183 1865 1325 1953 personis

164 1983 211 2063 (p.
230 1983 302 2042 112.
321 1983 409 2061 174).
442 1979 574 2043 Formae
588 2001 645 2063 per
660 1989 801 2064 tempora
815 1979 989 2044 cumbricse
1004 1977 1064 2041 hse
1080 1985 1166 2040 sunt.

528 2226 728 2310 Tempore
747 2223 957 2314 primaria.

357 2413 465 2475 Praes.
654 2413 761 2474 Praet.
1007 2407 1120 2470 Futur.

371 2526 454 2589 cerir
660 2533 753 2590 corat
1015 2545 1116 2586 cerer.

504 2780 704 2864 Tempore
722 2774 983 2842 secundaria.

375 2963 453 3034 serit
662 2959 775 3027 carsit
1016 2981 1143 3027 curaer.

539 3203 738 3286 Tempore
757 3199 954 3286 primaria.

490 3389 694 3455 Praesens
724 3395 763 3449 et
792 3383 1004 3449 Futu'rum.

252 3575 406 3642 Confusio
428 3576 538 3638 eedem
558 3584 663 3638 exstat
686 3571 834 3656 temporis
856 3573 1030 3656 praesentis
1052 3583 1085 3637 et
1104 3574 1214 3652 futuri,
1238 3574 1331 3638 utin

167 3683 280 3760 activo,
298 3684 339 3746 ob
361 3680 513 3764 rejectum
533 3679 635 3743 futuri
655 3678 794 3761 siguum.
827 3679 870 3741 In
891 3679 971 3742 libro
995 3689 1101 3742 tumen
1115 3683 1211 3744 rubro
1226 3679 1331 3743 adhue

168 3787 348 3850 terminatio
364 3786 419 3862 -t'r,
437 3785 582 3849 inficiens
600 3784 741 3848 vocalem
755 3785 880 3861 radicis,
898 3785 999 3867 magis
1014 3795 1063 3848 est
1078 3785 1264 3867 praesentis,
1283 3805 1332 3846 -er

168 3893 238 3973 (pro
254 3893 331 3974 -fer‚
349 3891 430 3973 ter)
446 3889 557 3954 firturi.
590 3888 745 3956 Censorio
765 3888 818 3954 hie
838 3889 984 3973 exempla
1001 3889 1167 3971 utriusque
1183 3887 1331 3950 termino-

168 3995 275 4058 tionis.

253 4101 319 4162 IRr
343 4121 364 4183 y
379 4099 524 4186 chwedyl
535 4099 607 4166 hren
622 4097 733 4163 eeiuir
747 4097 892 4180 etoodyt
902 4096 1013 4162 iarller
1028 4119 1050 4180 y
1056 4096 1231 4181 ffymraron
1247 4097 1331 4178 (ner-

166 4203 247 4268 rstr'o
261 4203 340 4266 haee
354 4215 485 4270 vocetur
494 4203 633 4270 uenatio
645 4201 996 4284 montemfortem)
1009 4203 1097 4268 nnn.
1110 4210 1140 4278 1,
1153 4208 1204 4269 38.
1222 4201 1332 4269 iuter

166 4331 187 4394 y
201 4309 377 4393 munaum
391 4332 412 4394 y
425 4310 538 4392 pelwir
552 4307 727 4392 (eomitissa
740 4307 890 4372 fontanae
905 4311 1048 4390 vocatur)
1067 4315 1096 4384 1,
1118 4315 1168 4374 17.
1193 4329 1236 4391 ny
1249 4305 1333 4376 ltalia·

169 4413 266 4477 noret
282 4412 397 4497 trwyth
412 4413 485 4498 oytlr
500 4413 630 4479 tetdaw
642 4415 721 4496 (non
736 4413 774 4476 fit
788 4433 931 4495 unquam
945 4412 1072 4480 venetio
1086 4413 1126 4478 T.
1140 4413 1180 4478 T.
1198 4411 1266 4482 sino
1281 4413 1332 4492 eo)
