3204 5084
258 381 315 437 XL
740 399 937 444 ausarsrro.

259 551 366 622 valde
384 559 568 634 vetustae,
588 575 676 622 non
693 552 912 624 recentiores
935 552 1063 648 glossis
1086 553 1222 626 codicis
1239 555 1430 628 Oxonien-

260 669 308 740 sis
325 669 467 762 prioris.
491 671 685 741 adnotatae
704 679 791 742 sunt
807 670 934 755 latine,
957 673 1021 744 sed
1039 695 1124 744 cum
1141 673 1352 746 nominibus
1370 675 1429 748 vel

259 787 371 858 etiam
388 788 580 860 sententiis
597 789 800 872 cambricis,
822 813 914 880 quas
926 789 1006 884 jam
1019 791 1223 883 publicavit
1233 793 1428 890 Wanlejus

258 929 296 998 p.
308 907 395 977 289.
414 907 502 978 290.
532 906 590 976 De
608 914 728 976 aetate
747 907 857 978 unius
874 908 1006 980 harum
1021 910 1300 982 adnotationum
1312 913 1423 996 idem,

257 1034 452 1118 postquam
476 1048 537 1096 eas
555 1024 744 1118 exposuit,
778 1024 832 1096 ita
855 1025 1016 1105 disserit:
1048 1028 1270 1102 “Hactenus
1293 1033 1339 1104 de
1364 1033 1429 1104 ad-

256 1143 507 1214 notationibus
529 1142 570 1213 in
594 1143 663 1214 hoc
691 1145 898 1216 venerando
921 1147 968 1216 ob
989 1155 1207 1218 vetustatem
1231 1149 1355 1222 codice
1379 1155 1426 1224 ab

257 1259 468 1332 hominibus
493 1261 869 1334 Cambro-Britannis
894 1264 1071 1347 exaratis,
1106 1287 1261 1355 quarum
1291 1269 1422 1362 prima,

256 1379 302 1450 ab
312 1378 460 1463 Gelhio,
480 1380 545 1474 qui
557 1380 664 1452 illum
679 1379 924 1452 Llandavensi
938 1380 1112 1453 ecelesiae
1129 1385 1282 1468 dederit,
1299 1389 1427 1460 eadem

254 1494 331 1568 fere
353 1521 467 1569 manu
493 1499 674 1580 scribitur,
703 1499 856 1592 perinde
881 1522 924 1569 ac
948 1501 1064 1572 codex
1089 1501 1313 1597 Bodlejanus
1338 1507 1421 1578 NE.

255 1616 303 1686 D.
327 1617 363 1686 2.
391 1616 448 1696 19,
479 1615 636 1708 ideoque
654 1640 735 1688 eam
752 1617 898 1688 ineunti
925 1617 1070 1688 saeculo
1092 1641 1190 1690 nono
1210 1622 1425 1716 adjudican-

254 1735 339 1805 dam
358 1738 519 1806 censeo.”
555 1734 613 1804 Ex
630 1735 701 1806 hoc
720 1735 855 1807 celebri
872 1736 997 1808 codice
1016 1735 1265 1810 Lichseldensi
1284 1751 1425 1835 septem

254 1853 507 1926 adnotationes
525 1853 659 1924 iterum
678 1853 774 1948 typis
792 1853 984 1948 impressas
1005 1855 1111 1928 offert
1125 1859 1328 1950 Appendix
1347 1861 1424 1932 edi-

194 2025 199 2034 .
253 1971 363 2044 tionis
388 1971 474 2043 libri
492 1971 742 2076 Landavensis
763 1971 812 2067 (p.
836 1973 934 2067 271).
967 1973 1027 2044 oui
1046 1975 1171 2046 addita
1195 1986 1250 2047 est
1273 1977 1424 2074 insuper

252 2089 409 2161 imitatio
435 2091 636 2184 scripturae
667 2091 823 2160 duarum
847 2091 1011 2185 priorum
1035 2101 1073 2164 et
1097 2095 1252 2165 duarum
1283 2108 1424 2190 postre-

251 2233 393 2280 marum
411 2209 703 2280 adnotationum.
742 2209 849 2280 Duae
866 2218 1071 2302 postremae
1088 2213 1218 2284 rudem
1235 2217 1420 2304 quandam

251 2335 470 2398 vetustatem
498 2351 586 2422 prae
609 2351 647 2398 se
671 2325 847 2408 serentes,
878 2351 1049 2423 agrorum
1067 2331 1158 2400 fines
1176 2331 1422 2408 describentes

251 2455 288 2517 et
312 2469 429 2540 paene
461 2469 560 2516 mere
586 2445 806 2529 cambricae,
841 2448 1043 2518 secundum
1073 2472 1153 2519 earn
1177 2449 1422 2525 imitationem

250 2567 318 2636 sub
337 2589 461 2659 praep.
484 2565 523 2636 di
540 2589 562 2635 a
579 2587 637 2634 me
655 2563 819 2659 integrae
838 2565 1027 2658 expositae
1044 2577 1131 2639 sunt
1151 2569 1200 2663 (p.
1224 2570 1324 2665 627).

352 2685 389 2756 4.
428 2683 574 2756 Folium
607 2685 949 2779 Luxemburgense.
994 2685 1040 2756 In
1073 2686 1298 2759 bibliotheca
1332 2689 1421 2760 civi-

250 2802 335 2875 tatis
366 2802 706 2899 Luxemburgensis
737 2801 887 2873 Monius
914 2801 955 2874 in
986 2803 1148 2899 tegmine
1183 2806 1318 2879 codicis
1353 2807 1422 2878 ali-

250 2921 355 3016 eujus
396 2921 542 2994 invenit
577 2921 850 3017 adglutinatum
883 2919 1013 2993 folium
1046 2923 1182 2994 saeculi
1214 2925 1302 2996 noni
1334 2949 1421 2998 eum

248 3040 394 3136 glossis,
426 3065 516 3133 quas
542 3039 733 3134 descripsit
758 3049 795 3110 et
811 3039 1017 3132 publicavit
1050 3039 1157 3135 (inp.
1182 3044 1243 3114 76.
1266 3045 1313 3115 77
1332 3043 1421 3116 libri

248 3158 306 3230 sui
323 3159 510 3252 inscripti:
533 3158 627 3230 “Dic
645 3157 822 3253 gallische
840 3159 1013 3252 Sprachc.
1036 3159 1242 3238 Karlsruhe
1266 3161 1357 3234 1851
1369 3163 1414 3258 ”).

249 3276 344 3348 Sunt
373 3277 444 3348 hae
469 3276 609 3372 glossae
635 3299 703 3348 nec
728 3275 894 3371 belgicae
917 3301 986 3350 nec
1010 3279 1105 3350 alius
1128 3278 1281 3374 originis
1308 3279 1420 3374 (cam-

247 3395 348 3467 brica
372 3395 528 3490 figurae
552 3418 618 3488 pro
635 3419 679 3476 u,
712 3417 823 3486 quam
849 3395 1000 3467 Monius
1030 3396 1203 3490 postulat,
1239 3397 1270 3468 si
1297 3407 1420 3470 essent

246 3513 467 3594 cambricae,
503 3521 558 3584 est
583 3513 699 3584 multo
723 3513 933 3585 recentioris
957 3514 1106 3598 aetatis,
1137 3541 1175 3609 p.
1209 3515 1313 3610 108),
1354 3518 1419 3590 sed

245 3631 473 3704 britannicae
508 3640 546 3703 et
583 3631 789 3725 specialiter
832 3632 1055 3716 cambucae,
1090 3643 1133 3706 ut
1180 3658 1255 3707 non
1297 3635 1417 3707 solum

245 3750 356 3845 plena
390 3750 631 3845 congruentia
660 3775 831 3822 sonorum
863 3761 900 3822 ct
927 3748 1126 3823 formarum
1154 3753 1195 3824 in
1219 3753 1271 3824 eis
1304 3761 1342 3824 et
1376 3753 1417 3826 in

245 3869 537 3949 Oxoniensibus,
566 3869 630 3940 sed
648 3871 759 3941 etiam
777 3869 925 3964 propria
950 3869 1017 3940 soli
1036 3869 1192 3943 dialecto
1210 3870 1416 3942 cambricae

245 3988 452 4061 terminatio
470 3991 552 4060 -ctic
570 3988 755 4082 participii
772 3986 1113 4082 praeteritipassivi
1137 3989 1187 4084 (p.
1212 3989 1319 4084 528),
1350 3992 1417 4061 ob-

243 4107 304 4180 via
327 4107 367 4179 in
389 4107 540 4180 vocibus
565 4107 804 4190 lantertoetic,
839 4105 1012 4181 dodocetic
1036 4107 1148 4204 hujus
1180 4105 1278 4188 folii,
1317 4131 1415 4180 corn·

243 4228 386 4322 probat.

344 4345 575 4416 Oxonienses
600 4343 737 4438 glossas
754 4368 880 4417 omnes
902 4370 978 4417 una
1001 4369 1085 4416 cunr
1103 4346 1161 4418 his
1181 4346 1415 4416 Luxembur-

245 4463 418 4558 gensibus
444 4486 528 4534 curn
556 4463 816 4534 commentario
848 4463 888 4534 in
923 4464 1126 4558 appendice
1157 4464 1268 4558 hujus
1297 4461 1416 4557 operis
