3104 5078
295 389 354 450 194
398 387 427 449 I.
448 390 477 447 2.
510 405 679 450 consonas
695 405 903 450 uruunruosn
919 406 1130 451 monoaurss
1146 407 1354 452 rulumrvau.

293 569 399 620 tamen
421 555 566 638 exempla
586 554 668 616 infru
683 553 848 636 sequentia
863 557 916 636 (B.
936 555 965 618 1.
985 559 1036 636 2),
1054 556 1238 620 exhibentia
1252 557 1440 620 infectionem

291 673 364 746 post
386 659 622 725 substantivum
642 679 708 722 non
729 659 833 722 solum
856 659 1061 724 terminatum
1081 683 1101 725 a
1119 661 1232 738 vocali,
1249 664 1303 726 sed
1325 662 1442 726 etiams

293 767 425 851 liquida.

381 899 411 955 3.
436 891 515 956 Post
544 891 736 968 numeralia,
762 913 843 975 quae
868 913 991 976 semper
1011 893 1076 956 fere
1096 905 1215 957 exeunt
1235 894 1270 958 in
1290 915 1441 958 consonas.

294 998 450 1082 Exempla
464 997 547 1059 infra
561 996 596 1059 in
611 995 714 1078 capite
728 997 767 1059 de
782 997 1011 1061 numeralibus.
1038 999 1077 1061 In
1094 999 1151 1082 Sg.
1168 1000 1358 1085 etiamfiche
1366 1001 1446 1082 pond

293 1103 423 1188 (viginti
437 1103 568 1187 pondo),
579 1121 607 1184 p
622 1101 800 1186 postficloe,
814 1103 899 1184 quod
913 1103 1040 1186 proprie
1051 1105 1219 1188 estfiodet.
1246 1105 1445 1190 Excipiuntur

293 1209 470 1274 numeralia
493 1211 548 1271 den
571 1210 683 1290 (unus)
699 1219 732 1270 ct
746 1208 789 1272 do
804 1209 895 1290 (duo)
918 1209 1069 1272 exeuntia
1089 1209 1125 1271 in
1146 1209 1302 1292 liquidam
1321 1221 1352 1274 et
1365 1231 1443 1273 voca·

212 1337 215 1344 ’
293 1317 375 1390 lcm;
392 1312 549 1398 posterius
566 1323 672 1375 tamen
687 1333 888 1375 communem
902 1314 1046 1395 regulam
1061 1315 1214 1397 sequitur,
1231 1315 1259 1378 si
1274 1315 1445 1378 inflexione

294 1419 482 1484 terminatur
497 1441 516 1481 a
530 1439 684 1482 consona:
703 1439 743 1480 or
757 1417 810 1480 dib
826 1419 993 1482 consonac'b
1010 1419 1079 1502 Sg.‚
1098 1441 1139 1482 or
1153 1420 1207 1484 dib
1223 1421 1323 1484 oetoib
1338 1423 1389 1484 Cr.

381 1553 412 1608 4.
436 1547 516 1608 Post
530 1541 719 1628 pronomina
733 1544 909 1627 possessiva
924 1544 1020 1607 trium
1034 1567 1243 1628 personarum
1254 1547 1376 1611 numeri
1386 1547 1447 1632 plu·

295 1652 387 1715 ralis:
402 1671 463 1713 ora
476 1651 623 1730 (noster),
634 1648 714 1711 bora
723 1651 865 1732 (vester),
877 1673 919 1713 ou
927 1651 1030 1730 (suus,
1043 1655 1166 1736 eorum)
1178 1653 1302 1717 mediae
1313 1653 1448 1716 inchoan·

297 1767 344 1820 tes
360 1753 562 1838 sequentium
573 1753 844 1816 substantivortun
856 1753 890 1816 in
903 1753 1060 1838 positione
1073 1779 1146 1819 cum
1160 1757 1282 1840 liquida
1295 1783 1316 1822 n
1332 1758 1449 1821 finiente
1524 1747 1525 1810 ἶ

294 1859 520 1947 pronominum
536 1867 701 1920 servantur
714 1857 749 1920 in
764 1867 851 1921 statu
866 1859 956 1936 duro,
971 1881 1029 1923 nec
1044 1883 1110 1924 nou
1125 1861 1278 1945 liquidae,
1294 1886 1321 1939 s,
1331 1865 1362 1948 s
1369 1873 1398 1925 et
1411 1873 1448 1924 tc·

295 1988 387 2042 nuos,
402 1985 534 2026 excussa
545 1961 655 2024 eadem
666 1985 699 2038 a,
709 1974 841 2026 manent
853 1961 887 2026 in
900 1975 986 2027 statu
998 1965 1119 2028 eodem.
1143 1967 1303 2051 Exempla
1315 1969 1348 2032 in
1360 1967 1448 2054 capite

296 2073 335 2134 de
346 2067 598 2154 pronominibus
623 2065 697 2130 Etis
708 2079 813 2151 mpost
823 2090 998 2151 pronomen
1010 2071 1223 2153 possessivum
1235 2074 1361 2156 generis
1373 2071 1448 2135 semi·

297 2175 366 2239 nini
383 2181 412 2238 3.
426 2196 509 2258 pers.
528 2171 610 2256 sing.
629 2193 649 2235 o
665 2171 761 2255 (ejus)
774 2173 889 2236 servati
905 2185 1006 2237 status
1018 2175 1159 2260 primarii
1174 2175 1209 2239 in
1220 2189 1328 2242 vetere
1340 2179 1447 2260 lingua,

296 2290 333 2347 ut
358 2280 393 2342 in
418 2277 571 2342 hodiema
597 2277 759 2341 hibernica
784 2289 817 2341 et
841 2279 977 2362 gaelica‚
1002 2279 1146 2364 exempla
1172 2286 1330 2366 quaedam
1351 2283 1446 2347 obvio:

295 2387 423 2470 appatio
435 2383 546 2470 seiano
569 2381 758 2468 imej'olt'opai
779 2385 875 2447 eesod
886 2384 980 2469 fuirt'
1000 2387 1056 2468 (gl.
1075 2387 1144 2472 ipsa
1164 2387 1198 2450 in
1218 2411 1252 2452 se
1277 2389 1353 2473 agit,
1372 2387 1449 2451 tertia

296 2513 428 2576 persona
437 2515 446 2566 3
465 2489 487 2552 i.
502 2512 529 2553 e.
548 2489 616 2574 ejus
631 2487 731 2572 ipsius
747 2488 829 2551 actio
841 2489 939 2552 efficit
953 2491 1134 2573 passionem
1145 2493 1215 2570 sibi,
1231 2516 1307 2556 crnn
1320 2517 1361 2580 pp
1372 2493 1450 2576 signo

297 2607 398 2660 status
418 2595 512 2679 prim.
535 2619 568 2680 p.
590 2603 640 2657 70.
662 2597 714 2676 71)
739 2593 899 2676 sg.1es¹.
925 2595 1097 2660 cenedaille
1111 2599 1294 2682 foraciones
1318 2599 1373 2682 (gl.
1395 2617 1449 2659 non

297 2702 401 2765 velato
416 2701 530 2786 capite,
544 2699 659 2763 mulier
674 2721 766 2762 orans
782 2701 930 2786 deturpat
945 2711 1040 2785 caput
1056 2711 1164 2787 snum)
1180 2705 1256 2768 Wb.
1273 2709 1335 2766 11⁰.

385 2831 464 2892 Post
478 2849 653 2912 pronomen
667 2825 835 2889 relativum
850 2847 891 2888 aa
907 2829 995 2908 (ante
1010 2827 1155 2913 medias),
1174 2851 1195 2891 a
1210 2831 1301 2912 (ante
1316 2829 1448 2913 liquidas,

298 2946 372 2998 aute
387 2956 414 3010 s,
428 2935 462 3019 s
471 2944 503 2996 et
518 2935 642 3013 tenues)
659 2953 797 2994 consona
812 2929 899 2993 verbi
914 2931 1067 2995 inchoans
1082 2935 1193 2996 codem
1206 2927 1309 3000 modo'
1319 2935 1450 3007 habetur,

299 3052 337 3104 ut
358 3036 549 3104 substantivi
571 3047 644 3120 post
668 3035 858 3120 pronomina
877 3035 932 3098 illa
953 3037 1140 3119 possessiva.
1179 3039 1272 3102 Idem
1292 3057 1451 3126 pronomen

298 3145 467 3208 relativum
493 3142 674 3207 continetur
700 3141 734 3204 in
759 3141 915 3227 particulo
941 3163 1034 3220 oran,
1058 3165 1118 3206 ara
1145 3146 1221 3228 (ut).
1255 3141 1451 3229 Exemplaiu

299 3249 487 3334 pronomine
501 3258 534 3310 ct
547 3246 723 3332 particulis.

387 3381 416 3436 5.
442 3375 521 3436 Post
541 3374 673 3436 verbum
688 3373 835 3438 desinens
858 3375 893 3438 in
908 3396 1080 3440 consonas:
1106 3378 1193 3440 αενῖιὲ
1208 3378 1283 3460 (ego
1305 3379 1388 3458 sum)
1402 3374 1448 3455 Sg.

302 3485 387 3543 202¹.
423 3485 613 3542 orunecatur
639 3477 800 3542 evitabam
830 3479 1058 3561 (inveniuntur
1083 3481 1285 3564 communia)
1317 3483 1372 3566 Sg.
1395 3481 1447 3542 65¹.

301 3584 418 3650 Confer
447 3593 553 3646 tamen
581 3583 726 3666 exempla
753 3583 934 3648 infectionis
955 3597 1028 3668 post
1056 3587 1188 3650 verbum
1214 3585 1448 3656 substantivum,

301 3688 444 3775 quamuis
459 3697 551 3752 exeat
565 3686 599 3752 in
614 3709 797 3766 consonam,
811 3699 845 3752 et
858 3691 887 3754 si
900 3703 973 3775 post
986 3691 1118 3754 verbum
1132 3690 1279 3776 seqnitur
1292 3692 1447 3776 objectum,

300 3796 383 3860 infra
398 3795 457 3858 sub
472 3796 513 3856 B.
531 3793 560 3856 I.
579 3799 609 3856 5.

387 3928 417 3984 6.
442 3922 521 3984 Post
540 3919 787 4002 praepositiones
804 3923 988 3988 tenninatas
1003 3945 1022 3986 a
1036 3923 1198 3987 consonis:
1214 3923 1278 4007 sor
1292 3923 1393 4007 (pro),
1409 3925 1451 3981 ur

301 4031 436 4111 (trans),
454 4033 523 4090 otor
538 4024 661 4107 (inter),
685 4025 858 4110 c'a(infro),
876 4029 909 4091 ds
926 4030 1061 4111 (supra),
1079 4051 1114 4092 oa
1129 4030 1256 4112 (apud),
1273 4027 1347 4091 sech
1361 4028 1450 4108 (pne

302 4137 375 4216 ter).
409 4133 493 4197 Item
510 4141 584 4215 post
604 4129 787 4194 tenninatas
807 4133 848 4194 ab
862 4153 903 4196 a:
923 4131 958 4196 ia
979 4133 1053 4216 (in),
1070 4155 1128 4198 rea
1143 4137 1258 4216 (ante),
1275 4153 1333 4196 coa
1348 4127 1448 4211 (cum),

301 4239 376 4302 iora
392 4239 509 4320 (post),
527 4234 671 4319 quumvis
686 4257 708 4298 a
723 4247 831 4319 pereat
851 4247 926 4300 onte
941 4237 1088 4321 liquidus,
1105 4250 1180 4303 ante
1194 4261 1221 4316 s,
1238 4237 1272 4323 s
1284 4246 1318 4300 et
1333 4245 1449 4300 oenuoet

301 4353 375 4427 post
389 4363 410 4405 o
425 4343 493 4423 (ex)
509 4351 611 4404 ortam
626 4361 665 4403 ex
680 4361 728 4417 os,
746 4351 865 4424 etpost
880 4342 913 4406 lo
928 4345 1053 4426 (apud),
1070 4343 1129 4428 fai
1142 4344 1279 4426 (contra)
1294 4351 1377 4402 ortas
1390 4353 1450 4420 pte

301 4448 355 4510 cul
376 4446 472 4510 dubio
492 4464 591 4527 aeque
612 4465 630 4506 e
653 4443 761 4508 formis
782 4446 973 4510 exeuntibus
994 4447 1029 4510 in
1050 4469 1204 4512 consonas
1221 4447 1293 4531 (las,
1310 4441 1392 4529 frt's,
1408 4435 1449 4500 Wl
