3104 5078
185 373 218 434 Ι.
238 375 270 432 2.
304 389 943 434 11111111111111111111111111111
957 388 1153 433 asumma.
1222 369 1283 431 208

102 565 155 606 res
173 551 229 605 est
241 549 318 624 post
332 537 506 623 particulae
517 559 630 622 91111,
646 559 719 621 yor-
734 538 823 621 (gall.
840 548 957 602 vetust.
974 541 1056 620 oar·)
1071 535 1237 600 finientem
1252 559 1281 615 r,

103 667 192 732 quae
217 645 350 729 quidem
372 654 540 728 sequentes
562 653 674 708 tenues
696 643 774 707 item
799 643 917 728 aspirat
943 643 1120 706 secundum
1141 643 1284 726 regulam

102 757 152 837 (p.
174 755 273 834 171),
290 749 411 813 medias
432 757 540 812 autem
561 758 594 811 et
613 768 645 810 m
665 749 775 812 eodem
796 749 890 812 modo
912 757 1036 824 tractat,
1048 757 1093 810 ut
1108 757 1285 810 tractantur

102 859 138 920 in
153 856 272 920 medio
292 855 344 918 vel
365 856 429 918 fine
444 852 651 937 inpositione
666 875 740 916 cum
754 874 772 916 r
787 874 885 935 aeque
900 863 938 916 ut
952 851 1110 936 simplices
1125 863 1215 914 extra
1228 873 1284 936 po·

101 963 267 1026 sitionem
279 962 326 1043 (p.
340 962 574 1042 134.15ssq.),
588 956 733 1021 destituit
744 956 876 1020 scilieet.
901 957 1058 1040 Exempla
1068 955 1284 1021 destitutionis

100 1067 191 1130 infra
208 1067 275 1128 sub
289 1065 328 1128 Ο.

196 1169 374 1233 Cornice
395 1180 468 1254 post
488 1169 583 1248 kam,
601 1169 690 1254 kym-
707 1171 808 1252 (com)
824 1179 967 1234 servatur
982 1168 1110 1253 quidem
1125 1191 1156 1233 m
1171 1191 1284 1234 vocum

101 1276 270 1360 kcmmys,
289 1274 433 1359 kymmys
449 1277 601 1356 (tannim,
619 1267 729 1338 eadem
742 1274 943 1358 magnitudo)
960 1276 999 1338 P.
1018 1282 1049 1352 9,
1067 1283 1097 1337 4.
1116 1282 1166 1352 16,
1183 1282 1213 1338 3.
1229 1281 1281 1352 24,

104 1386 142 1458 2,
168 1379 355 1455 temnas,
380 1377 539 1463 kemysks's
560 1381 617 1461 (ει
639 1377 781 1456 kam-m„
806 1379 1003 1462 commixtio)
1028 1385 1084 1456 58,
1107 1387 1138 1442 4.
1156 1385 1230 1458 202,
1251 1386 1281 1457 2,

101 1488 161 1550 sed
176 1507 254 1548 non
271 1485 289 1546 1
305 1483 339 1546 in
354 1483 497 1546 hemeras
512 1486 668 1566 (sumere3
686 1505 800 1546 armor.
819 1493 977 1568 quemaret
990 1483 1077 1547 Buh.
1095 1491 1144 1561 18,
1161 1491 1191 1548 5.
1210 1492 1282 1563 188,

104 1598 136 1669 3,
155 1591 289 1654 cambr.
307 1589 381 1652 hod.
401 1589 564 1674 cymapd)
580 1590 670 1651 Pass.
690 1595 742 1666 61,
761 1596 792 1666 4,
810 1589 838 1651 si
853 1599 901 1652 est
915 1610 973 1672 pro
987 1588 1138 1652 kam-ber.

196 1693 415 1758 Armorice
441 1692 516 1776 quia
544 1693 652 1756 minus
674 1692 839 1756 1111111111
860 1694 963 1757 nasali
982 1694 1168 1778 indulgetur
1188 1715 1284 1777 quam

101 1801 274 1866 cambrice
296 1801 343 1882 (p.
365 1800 457 1880 187),
478 1807 620 1860 servatur
642 1808 744 1861 status
767 1797 956 1882 originarius
975 1798 1078 1882 magis
1097 1799 1193 1862 etiam
1212 1809 1285 1882 post

100 1905 226 1991 partic.
247 1903 333 1990 leem·
348 1904 467 1984 (con->t
486 1901 659 1964 kemmaaka'
671 1901 842 1985 (miscere),
857 1903 983 1966 kember
998 1903 1192 1986 (confluxus,
1210 1925 1283 1966 con-

101 2013 253 2074 fluentes
269 2008 371 2086 fluvii,
389 2008 506 2070 cambr.
525 2027 640 2090 cymen
659 2028 747 2088 aper,
764 2029 797 2090 p.
817 2011 903 2091 169).
937 2009 1040 2072 Immo
1055 2019 1166 2073 contra
1180 2009 1285 2072 media

102 2117 138 2178 in
154 2117 223 2179 hac
239 2112 399 2196 positione
413 2110 599 2196 provehitur
612 2111 647 2174 in
660 2121 789 2174 tenuem
799 2111 868 2194 jam
879 2112 913 2175 in
925 2113 1059 2176 vetustis
1070 2113 1282 2190 chartulario,

101 2243 132 2285 e.
158 2242 215 2304 gr.
240 2219 277 2280 in
299 2215 590 2301 Kemperlegiensi:
616 2217 737 2280 factum
758 2227 807 2279 est
829 2217 890 2280 hoo
917 2217 953 2280 in
974 2218 1103 2302 publico
1124 2229 1283 2282 conventu

102 2326 199 2410 apud
214 2323 408 2404 Kempcrele
428 2321 464 2384 11
486 2331 614 2383 sanctae
634 2320 735 2383 crucis
755 2321 947 2384 monasterio
967 2321 1051 2384 inter
1072 2324 1136 2386 duo
1150 2322 1284 2386 flumina

104 2429 268 2512 Elegium
283 2449 320 2490 ac
342 2427 414 2489 Idol
429 2425 641 2508 (Kamperale,
667 2425 743 2488 hod.
765 2427 957 2510 Quimperle,
974 2458 1019 2480 =
1032 2426 1150 2490 ostium
1165 2428 1283 2510 Elegit)

103 2535 216 2598 chart.
242 2555 273 2595 a.
295 2539 395 2607 1069,
420 2553 472 2614 ap.
497 2531 580 2592 Mor.
599 2535 673 2592 432.
704 2531 746 2593 In
768 2531 874 2594 Rhed.
895 2539 928 2608 1,
950 2537 1000 2593 14.
1020 2537 1057 2607 2,
1077 2537 1133 2593 281
1164 2543 1284 2615 compat

107 2637 338 2702 Roimhoiaro
350 2635 404 2718 (cf.
418 2634 496 2697 ibid.
511 2633 738 2712 Botloweraoc,
753 2635 916 2700 Botcuaclt
930 2643 959 2714 1,
976 2643 1005 2699 6.
1023 2643 1079 2711 15;
1097 2667 1141 2689 =
1152 2637 1280 2714 comtos,

108 2743 236 2806 cambi.
253 2749 367 2826 cymwt
379 2771 423 2793 ==
437 2739 581 2822 oymtwt)
597 2739 697 2802 chart.
716 2764 745 2803 a.
765 2747 837 2802 826.
1242 2721 1248 2737 ’

201 2847 276 2910 Alia
301 2843 476 2930 composita
502 2843 656 2926 ejusmodi
681 2844 852 2908 hodiernae
877 2845 1024 2930 linguae,
1053 2845 1220 2930 firngentia
1246 2857 1283 2910 ut

103 2951 380 3039 praepositiones:
399 2949 465 3014 alal
477 2950 577 3032 (apud
584 2973 594 3024 3
612 2971 670 3032 pro
685 2950 810 3032 era-tal),
827 2951 954 3014 roh-tol
966 2953 1110 3034 (coram).

198 3061 241 3120 B.
275 3053 548 3140 Aspiratione
570 3054 758 3118 inficiuntur
779 3076 935 3119 consonae
950 3055 1153 3124 britannicae
1172 3055 1281 3120 incho-

101 3175 203 3229 antes
228 3163 402 3225 secundam
422 3180 531 3228 vocem
546 3159 581 3222 in
596 3159 830 3223 constructione
844 3160 897 3224 vel
911 3159 1138 3244 compositione
1154 3163 1214 3224 sub
1228 3162 1281 3226 iis·

103 3271 184 3332 dem
195 3265 318 3349 regulis
329 3275 424 3347 atque
436 3264 469 3326 11
480 3264 585 3326 medio
597 3275 630 3327 et
640 3266 704 3327 fine
715 3287 830 3328 vocum
840 3267 879 3328 fit
889 3265 1049 3348 aspiratio,
1063 3265 1183 3330 scilicet
1194 3266 1220 3330 si
1231 3267 1280 3330 in·

103 3385 199 3436 trant
219 3371 257 3433 in
277 3370 466 3454 positionem
488 3392 562 3432 cum
577 3369 820 3434 terminantibus
835 3392 926 3435 voces
941 3372 1174 3454 praecedentes,
1191 3393 1280 3456 prae-

103 3479 206 3562 cipue
220 3475 406 3558 particulas,
424 3472 571 3537 consonis
586 3473 786 3555 quibusdam,
805 3497 885 3559 quae
900 3475 965 3539 sive
979 3485 1122 3552 manent,
1140 3497 1168 3538 e.
1182 3497 1231 3560 gr.
1248 3498 1278 3554 r,

101 3583 176 3646 sive
192 3581 293 3644 etiam
307 3589 502 3642 evanescunt
515 3577 550 3640 in
565 3599 602 3640 ea
616 3577 772 3661 positione
787 3580 965 3664 aspiranda,
983 3603 1011 3644 e.
1029 3601 1077 3663 gr.
1096 3603 1123 3658 1,
1143 3589 1165 3658 t,
1182 3603 1209 3658 a,
1228 3581 1276 3646 cll.

102 3689 283 3752 Consonae
304 3695 412 3747 autem
433 3682 620 3745 inchoantes
640 3682 824 3765 aspirationi
843 3685 998 3748 obnoxiae
1013 3695 1090 3749 sunt
1104 3695 1215 3749 tenues
1231 3707 1279 3749 so·

101 3791 288 3865 lummodo,
299 3801 337 3851 ut
347 3788 382 3850 in
393 3787 497 3850 medio
508 3787 560 3850 vel
570 3788 635 3849 fine
643 3789 689 3869 (p.
702 3791 844 3872 171sq.).
868 3791 1052 3854 Ceterarum
1063 3813 1092 3853 e.
1102 3811 1151 3872 gr.
1160 3789 1278 3853 media-

101 3919 182 3961 rum
204 3907 240 3958 et
254 3916 286 3956 m
301 3893 480 3977 expertium
495 3891 707 3974 aspirationis,
726 3915 805 3976 quae
819 3905 893 3977 post
906 3896 1079 3958 eanmdem
1093 3913 1207 3956 vocum
1222 3893 1278 3956 ali·

102 4023 191 4086 quas
206 4009 341 4062 manent
355 3997 554 4080 originariae,
571 3997 622 4060 vel
637 4018 719 4080 quae
734 3999 963 4074 destituuntur,
981 4019 1009 4060 e.
1027 4018 1075 4081 gr.
1093 4007 1166 4079 post
1180 4019 1209 4074 r,
1228 3997 1279 4059 vel

102 4107 210 4170 etiam
231 4105 326 4167 modo
344 4101 564 4166 destituuntur
577 4103 671 4166 modo
686 4113 818 4167 manent
832 4101 1029 4185 originariae,
1048 4101 1193 4182 exempla
1209 4100 1278 4183 jam
1347 4090 1350 4098 ’

101 4213 186 4274 data
207 4220 285 4272 sunt
306 4207 358 4270 vel
378 4207 461 4270 infra
481 4207 680 4290 proferentur
703 4208 756 4289 (A.
775 4208 804 4270 Ι.
825 4214 853 4268 7.
871 4207 912 4268 Α.
931 4207 978 4268 11.
999 4212 1028 4267 1.
1048 4210 1078 4266 2.
1103 4205 1141 4267 C.
1160 4205 1188 4267 I.
1210 4208 1274 4288 11).

100 4315 254 4378 Voculae
269 4313 446 4397 aspirantes
461 4323 572 4376 tenues
588 4323 755 4395 sequentes
772 4321 848 4372 sunt
863 4307 934 4372 hae.

197 4415 227 4476 Ι.
241 4417 301 4566 IIn
316 4415 561 4480 constructione.
590 4423 618 4478 1.
642 4414 828 4480 Numeralia
843 4414 898 4477 III
913 4425 946 4478 et
960 4414 1020 4479 VI.
1046 4415 1274 4479 Cambrica:

161 4525 226 4568 von.
257 4553 265 4568 .
1030 4521 1067 4576 14
