3104 5078
536 1319 764 1422 LIBER
806 1319 1214 1424 SECUNDUS.

443 1741 522 1821 DE
559 1737 791 1823 NOMINE
829 1739 903 1820 ET
941 1738 1307 1822 PRONOMINE.

379 1988 576 2053 Perlustrata
586 1986 697 2070 regula
708 2007 859 2050 sonorum
870 1998 903 2050 et
913 1987 1040 2051 interna
1050 2009 1165 2051 vocum
1176 1997 1338 2052 structura
1350 1991 1454 2052 transi-

293 2117 366 2159 mus
388 2095 428 2158 ad
449 2103 615 2156 externam
630 2102 822 2156 structuram
836 2093 1022 2156 flexionum.
1054 2093 1118 2156 His
1140 2114 1216 2178 prae
1230 2093 1344 2157 ceteris
1360 2093 1453 2157 excel-

294 2201 396 2263 lentes
416 2195 567 2261 orationis
586 2208 692 2280 partes
715 2210 791 2261 sunt
806 2221 934 2274 nomen,
952 2219 1139 2281 pronomen,
1158 2200 1300 2262 verbum.
1334 2199 1471 2262 Nomen·

294 2316 327 2367 et
340 2323 516 2388 pronomen
530 2301 583 2364 hic
598 2303 757 2365 secundus
772 2303 852 2366 liber
868 2305 1031 2366 tractanda
1046 2303 1155 2381 sumit,
1173 2303 1326 2366 flexiones
1342 2304 1453 2366 scilicet

294 2407 486 2474 substantivi
508 2417 541 2470 et
559 2407 707 2490 adjectivi
728 2409 931 2492 praesertim,
956 2411 1182 2473 concordantes
1200 2408 1269 2492 jam
1291 2409 1326 2472 in
1349 2431 1451 2472 monu-

294 2515 411 2580 mentis
431 2511 560 2589 nostris,
577 2514 697 2576 addens
719 2535 800 2596 quae
815 2513 865 2577 his
887 2515 1016 2578 vocibus
1035 2527 1196 2600 praeterea
1210 2513 1389 2591 inhaerent,
1405 2515 1451 2576 de·

294 2618 482 2685 minutionis
498 2629 531 2680 et
544 2617 738 2700 gradationis
753 2618 880 2682 formas.
907 2619 1032 2687 Quibus
1048 2620 1196 2684 onmibus
1210 2620 1451 2703 praemittendae

295 2736 373 2790 sunt
394 2722 520 2789 articuli
541 2722 671 2798 formae,
688 2733 721 2786 et
735 2723 958 2808 subjungenda
972 2725 1103 2788 nomina
1117 2725 1306 2802 numeralia,
1325 2724 1451 2807 denique

295 2830 495 2920 pronomina,
513 2828 549 2891 in
564 2827 698 2911 singulis
714 2827 882 2912 capitibus.

762 3103 1015 3114 ψ

660 3319 833 3394 CAPUT
865 3323 1094 3396 PRIMUM.

399 3529 456 3599 De
475 3521 592 3597 tribus
609 3522 804 3617 generibus
821 3523 953 3596 veteris
969 3523 1119 3619 linguae
1137 3531 1175 3595 et
1191 3525 1357 3597 articulo.

386 3727 428 3790 In
454 3723 602 3789 omnibus
624 3720 744 3805 linguis
766 3719 886 3786 celticis
905 3721 1067 3786 hodiernis
1089 3723 1220 3788 nonnisi
1239 3726 1304 3788 duo
1326 3718 1445 3788 nominis

299 3855 417 3920 genera
428 3829 682 3912 distinguuntur,
696 3845 798 3908 genus
810 3827 1024 3890 masculinum
1034 3839 1067 3891 et
1077 3829 1280 3893 femininum.
1303 3830 1365 3894 Sed
1374 3833 1446 3911 patet

301 3961 318 4004 e
332 3935 467 4002 vetustis
482 3932 599 4002 nostris
613 3929 726 4014 glossis
741 3929 923 4008 hibernicis,
937 3943 975 3995 ut
989 3934 1214 4017 epronominis
1225 3925 1445 3998 demonstrativi

301 4040 450 4110 cambrici
471 4037 591 4113 formis,
609 4035 707 4098 fuisse
731 4045 768 4098 ut
783 4034 818 4098 in
832 4037 980 4100 omnibus
995 4037 1066 4101 aliis
1082 4037 1201 4122 linguis
1216 4039 1314 4122 hujus
1328 4033 1444 4102 affinita-

302 4149 343 4213 tis
365 4147 462 4211 etiam
482 4143 517 4206 in
545 4151 650 4204 vetere
677 4139 788 4203 celtica
810 4140 871 4204 tria
891 4163 1008 4224 genera
1027 4163 1094 4206 non
1116 4143 1220 4206 solum
1240 4141 1444 4228 pronominum

302 4255 358 4318 sed
376 4251 472 4315 etiam
488 4244 760 4312 substantivorum
774 4255 807 4308 et
821 4244 1058 4328 adjectivorum,
1077 4258 1110 4310 et
1124 4247 1227 4311 deleto
1242 4249 1341 4312 serius
1355 4239 1443 4310 discri-

302 4357 389 4420 mine
409 4349 639 4438 grammaticali
661 4349 745 4413 inter
765 4350 980 4414 masculinum
1001 4363 1033 4414 et
1048 4365 1199 4418 neutrum
1213 4353 1443 4418 commixtaesst

302 4462 381 4524 haec
400 4461 464 4522 duo
485 4477 602 4541 genera
621 4454 656 4518 in
679 4476 783 4519 unum
803 4455 913 4519 codem
935 4459 1040 4534 modo,
1065 4467 1103 4521 ut
1123 4457 1158 4520 in
1180 4457 1291 4542 lingua
1311 4453 1441 4520 hodium
