3218 5068
337 351 404 413 111.
424 354 454 413 2.
486 369 625 416 vinnon
641 371 876 417 nninnnntoun
893 369 1160 416 snsscsnnvon.
1270 350 1331 414 539

166 521 248 604 hyon
269 542 287 582 ο
310 519 431 606 bydont
450 541 490 584 oo
510 541 570 606 ony
593 519 710 585 bedont
724 520 764 602 (si
779 531 856 584 sunt
869 520 961 612 poeti
974 530 1008 584 et
1021 519 1050 584 si
1064 541 1131 584 non
1146 521 1236 602 sunt)
1252 519 1331 602 Leg.

168 631 199 688 2.
220 632 249 688 1.
269 633 299 688 4.

253 731 387 794 Cornioe
409 740 443 794 et
462 728 613 794 ormorioe
633 731 757 794 obtinet
776 732 877 795 formo
898 730 1060 814 ampliato.
1092 733 1190 794 Corn.
1208 731 1333 793 BETH

166 857 242 900 oum
257 835 480 900 terminatione
495 836 555 920 -af
562 837 602 898 od
617 835 863 918 significandum
877 837 1022 900 futurum
1033 837 1084 900 vel
1094 836 1335 919 conjunctivum

167 940 360 1025 proesentis:
386 939 420 1003 in
433 940 499 1024 nef
505 963 527 1024 y
539 940 678 1024 sethaff
685 941 780 1026 troyes
795 942 845 1024 (in
859 943 984 1006 coelum
999 959 1051 1004 ero
1065 943 1225 1026 receptus)
1241 943 1332 1004 Pess.

170 1053 224 1122 93,
237 1053 267 1108 3.
284 1069 328 1131 yn
342 1046 407 1130 nes
413 1068 457 1130 ny
471 1045 599 1131 oethyth
614 1046 709 1129 troqt's
722 1046 770 1128 (in
782 1047 906 1110 coelum
916 1069 982 1110 non
994 1047 1055 1110 eris
1065 1049 1225 1131 receptus)
1237 1052 1290 1122 46,
1302 1051 1332 1106 3.

169 1151 222 1214 the
236 1159 339 1234 vestm
355 1175 375 1214 o
389 1151 459 1214 vett
475 1150 575 1236 lothys
591 1153 745 1234 (potestas
760 1162 816 1214 tuo
830 1151 891 1215 erit
904 1153 1042 1235 perdita)
1061 1160 1111 1229 17,
1130 1159 1161 1214 4.
1183 1159 1212 1215 te
1226 1172 1247 1212 a
1260 1149 1336 1235 vyth

167 1278 211 1340 yn
223 1255 365 1338 paradis
376 1277 513 1338 qenamo
528 1257 579 1336 (tu
594 1255 655 1319 eris
669 1255 704 1318 in
719 1257 864 1340 paradiso
878 1279 1022 1334 mecum3
1046 1258 1191 1341 impers.)
1211 1261 1282 1332 193,
1301 1261 1332 1317 4.

164 1360 324 1446 qolyouqt
344 1361 387 1424 ho
399 1360 544 1444 pesouylt
564 1382 608 1424 no
627 1359 782 1445 vettouqt
805 1371 937 1447 tomptys
960 1362 1103 1446 (vigilate
1118 1373 1150 1425 et
1170 1371 1269 1436 orote,
1292 1381 1333 1422 ne

168 1465 238 1528 sitis
254 1465 383 1548 tentati)
400 1470 452 1542 52,
471 1472 502 1527 4.

253 1570 415 1634 Armorieo
427 1571 512 1634 ΒΕΖ
525 1591 600 1634 eum
611 1571 887 1637 terminationibus
901 1573 960 1657 -os
967 1571 1017 1635 vel
1029 1571 1080 1657 -t'f
1087 1593 1144 1656 pro
1154 1581 1332 1654 praesente,

169 1676 279 1738 futuro
293 1675 344 1738 vel
358 1675 577 1759 conjunctivo:
604 1676 716 1761 bezoff
727 1685 835 1741 auster
849 1699 870 1740 o
877 1677 1057 1762 proderaff
1063 1681 1129 1760 (ero
1144 1686 1289 1740 austerus
1303 1685 1337 1737 et

170 1780 330 1862 cogitabo)
342 1780 428 1842 Buh.
447 1789 499 1858 50,
513 1788 563 1844 15.
581 1803 635 1846 mo
648 1805 692 1846 no
706 1783 805 1866 oezaf
812 1803 897 1845 mam
913 1783 1017 1846 ebm
1030 1803 1135 1846 amser
1147 1781 1189 1862 (si
1203 1801 1269 1843 non
1283 1800 1336 1842 ero

168 1895 271 1948 mater
284 1885 372 1948 brevi
386 1890 540 1968 tempore)
557 1894 609 1964 99,
630 1895 659 1951 1.
684 1909 719 1950 oz
738 1887 889 1970 deantes
904 1909 939 1949 ez
957 1887 1044 1972 υἱεῖ]
1052 1887 1118 1952 oot't
1131 1885 1254 1969 (obiens
1269 1905 1333 1961 ero,

169 1990 264 2053 obibo
273 1993 363 2072 mox)
377 1996 493 2068 60,14.
510 2012 582 2055 maz
596 1991 686 2077 oize's,
700 2013 772 2056 maz
782 1990 855 2069 oizi,
868 2013 940 2055 maz
950 1992 1066 2076 oizt'onp
1077 1995 1128 2074 (ut
1139 1993 1210 2068 sim,
1226 1991 1280 2068 sis,
1295 1990 1337 2054 si-

169 2097 257 2177 mus)
268 2095 313 2177 sq.
331 2116 402 2158 nem
418 2096 490 2158 bezo
505 2099 585 2178 (non
599 2097 660 2160 erit
673 2097 767 2180 mihi)
782 2105 833 2174 50,
848 2105 880 2159 9.
898 2119 947 2160 mo
962 2099 1033 2161 bozo
1050 2102 1130 2181 (ero)
1146 2105 1199 2174 60,
1217 2104 1266 2159 19.
1283 2117 1338 2159 mo

169 2199 297 2282 opinion
311 2247 319 2263 .
333 2249 339 2262 .
355 2223 389 2262 ez
399 2201 466 2263 oize
474 2211 573 2284 qamt
586 2251 593 2265 .
606 2248 613 2265 .
628 2225 663 2265 ez
674 2202 740 2265 ot'ze
750 2212 824 2266 sant
835 2203 957 2286 (opinio
969 2225 1050 2279 meo,
1060 2203 1145 2286 quod
1156 2203 1198 2266 sit
1208 2204 1336 2265 futurus

167 2317 277 2384 notus,
294 2311 439 2390 sanetus)
452 2314 505 2384 99,
523 2315 551 2370 1.
567 2313 597 2370 2.
631 2311 695 2371 Pro
709 2307 884 2390 pmesentis
900 2314 930 2370 3.
945 2329 994 2390 ps.
1012 2308 1104 2370 obvin
1118 2308 1218 2371 fomis
1229 2309 1333 2370 BEZ:

168 2432 243 2474 mor
257 2412 311 2476 bez
326 2413 370 2474 do
382 2420 459 2495 qrot
472 2412 514 2496 (si
528 2423 577 2476 est
591 2413 740 2476 voluntas
756 2413 825 2493 tuo)
842 2417 894 2488 48,
913 2417 965 2473 23.
989 2433 1062 2476 mar
1077 2413 1130 2476 bez
1143 2421 1212 2476 mot
1226 2412 1268 2495 (si
1281 2414 1337 2476 bo·

167 2537 250 2580 num
265 2519 326 2600 ost)
346 2523 417 2594 128,
436 2523 487 2581 29.
505 2539 540 2581 oz
553 2538 607 2580 σοι
621 2516 727 2580 santd
739 2518 802 2599 (est
816 2519 958 2598 sanctus)
977 2523 1049 2595 184,
1070 2525 1121 2580 17.

255 2623 356 2686 Prae
365 2622 543 2686 teritum.
575 2621 778 2686 Combricum
804 2621 991 2704 primarium
1019 2625 1121 2687 nescit
1140 2645 1156 2687 s
1176 2623 1338 2708 praeteriti

168 2730 316 2812 (excepto
337 2730 477 2792 seeundo
497 2749 632 2812 persona
655 2727 771 2810 sing.),
789 2726 934 2808 quamvis
948 2729 1059 2792 eadem
1072 2749 1129 2812 per
1144 2751 1253 2794 omnes
1268 2751 1337 2813 per-

102 2895 104 2898 .
168 2853 264 2898 sonas
285 2833 369 2898 edsit
388 2833 423 2896 in
443 2833 640 2909 secundario,
660 2835 715 2896 sod
735 2853 809 2896 oum
822 2831 924 2896 vocali
939 2833 1052 2896 radicis
1067 2834 1182 2897 format
1195 2833 1338 2918 proprias

169 2939 337 3002 verbomm
351 2941 571 3003 onomolorum
586 2937 825 3002 terminationes
839 2959 917 3016 -um,
935 2947 1029 3016 otest,
1043 2959 1097 3014 -α,
1114 2961 1214 3016 eom,
1228 2937 1336 3014 caet,

170 3050 274 3120 -ιιαπί,
292 3043 343 3106 vel
357 3063 457 3120 -uom,
476 3043 581 3120 -uoct,
600 3052 700 3107 -uont

257 3149 348 3230 Sing.
369 3155 398 3210 1.
414 3169 517 3232 pers:
543 3169 582 3212 oo
602 3171 664 3234 yno
685 3171 706 3234 y
728 3149 800 3212 bum
819 3171 840 3234 y
860 3171 917 3212 nos
938 3149 1041 3213 bonno
1056 3149 1104 3230 (et
1124 3147 1169 3210 ibi
1191 3147 1239 3210 fui
1253 3147 1337 3210 hane

169 3253 310 3336 noc-tem)
326 3255 415 3316 Mob.
433 3259 460 3330 1,
479 3260 529 3316 19.
546 3254 696 3339 yspet'lwr
710 3275 786 3318 oum
801 3254 903 3340 iynto
918 3253 1013 3334 (latro
1027 3253 1075 3316 fui
1089 3275 1148 3336 ego
1164 3252 1222 3334 ibi)
1238 3261 1266 3330 1,
1284 3259 1336 3314 37.

172 3363 203 3420 2.
218 3379 321 3442 pers:
339 3381 361 3443 y
374 3379 479 3442 qtory
497 3357 587 3424 tuost
600 3359 756 3445 net'thwyr
769 3382 834 3445 yny
852 3368 883 3444 ty
898 3359 971 3441 (vir,
985 3358 1020 3420 in
1035 3357 1126 3441 cujus
1141 3359 1235 3422 domo
1250 3357 1340 3423 fuisti

169 3473 263 3526 nocte
285 3463 469 3547 praeterito)
487 3470 516 3540 1,
536 3468 609 3527 247.
645 3469 674 3527 3.
692 3485 795 3548 pers:
820 3464 917 3550 ochyt
938 3465 978 3528 bu
998 3485 1099 3527 mator
1119 3487 1158 3528 eo
1179 3464 1272 3528 niueo·
1294 3466 1341 3546 (et

168 3568 315 3651 quamvis
335 3569 399 3632 fuit
421 3589 557 3651 magnus
573 3589 683 3633 comm
697 3573 864 3653 numerus)
883 3577 912 3647 1,
932 3576 984 3633 22.
1007 3594 1028 3634 o
1049 3569 1104 3634 tir
1124 3591 1168 3634 uu
1187 3569 1298 3655 yenyfi
1318 3591 1340 3654 y

168 3695 226 3738 noo
241 3674 344 3738 tonso
359 3676 406 3754 (et
420 3674 516 3757 longo
529 3673 593 3736 suit
606 3673 687 3736 mihi
701 3696 767 3738 nox
782 3673 874 3756 haee)
892 3681 921 3752 1,
941 3682 971 3739 6.

193 3843 198 3852 ,
256 3779 346 3841 Plur.
361 3787 501 3862 l.pers.:
517 3799 582 3864 ,ηιμ
593 3789 690 3865 coety
702 3781 797 3843 mm
810 3779 966 3865 ooithwyr
972 3779 1020 3862 (in
1033 3782 1113 3844 silvo
1123 3779 1243 3842 fuimus
1250 3797 1339 3860 prae·
1382 3837 1384 3840 .

170 3883 263 3948 terite
274 3895 384 3960 nocte3
402 3884 465 3966 leg.
480 3883 614 3965 boam)
627 3885 715 3948 Mab.
726 3891 757 3961 2,
769 3891 821 3946 42.
848 3891 878 3946 3.
892 3905 995 3968 pers:
1011 3885 1124 3946 Hetoel
1132 3904 1172 3945 or
1183 3882 1341 3968 doythyon

168 3997 293 4054 aunam
311 4013 333 4075 y
354 3989 423 4074 kyd
440 4011 478 4052 ao
494 3990 535 4073 os
544 3991 605 4068 (H.
623 3999 656 4051 et
671 3989 756 4050 docti
771 3989 827 4070 qui
841 3989 971 4050 fuerunt
985 4009 1060 4049 oum
1073 3989 1125 4068 eo)
1142 3989 1220 4070 Leg.
1239 3987 1337 4071 praef.

168 4093 285 4157 obeant
304 4115 344 4156 en
365 4094 419 4157 tir
439 4117 478 4160 en
493 4113 654 4160 amrosoon
670 4092 814 4172 (fuorunt
829 4093 885 4156 diu
899 4081 1142 4172 contendentes)
1159 4093 1238 4174 Leg.
1257 4098 1288 4153 2.
1307 4097 1337 4154 2.

172 4205 201 4260 1.
219 4219 240 4261 o
256 4199 370 4262 ἱῖαωσπ
384 4209 487 4264 ouant
500 4205 626 4285 wyntou
641 4198 688 4278 (et
701 4196 777 4260 loeti
791 4197 922 4260 fuerunt
937 4195 1013 4280 ipsi)
1030 4197 1120 4260 Meb.
1141 4204 1169 4272 t,
1189 4202 1262 4258 262.

257 4305 355 4368 Corn.
379 4311 409 4366 3.
428 4325 512 4387 pers.
529 4303 613 4386 sing.
630 4301 748 4386 poterit
761 4301 862 4365 videri
876 4301 911 4366 in
926 4302 1017 4366 Pass.
1037 4309 1110 4378 248,
1129 4309 1166 4364 4:
1186 4323 1229 4365 no
1243 4303 1345 4388 yllens

166 4431 188 4492 y
208 4407 334 4494 qutte
352 4429 374 4494 y
393 4409 465 4473 ooth
482 4429 526 4472 na
539 4429 580 4472 ott
594 4409 758 4494 colemwys
773 4409 871 4490 (quod
911 4429 976 4470 non
990 4407 1154 4491 potuerint
1167 4406 1344 4490 prohibere,
