3104 5078
340 394 369 458 I.
402 401 430 456 1.
476 414 645 460 consonus
660 413 887 460 nnrrsnnrcsa
902 415 1042 460 sannas.
1214 393 1275 456 169

606 667 779 731 Tenues

195 835 242 936 P
262 836 307 936 Τ
327 833 387 936 C·
433 873 570 960 Scriptio
591 876 738 942 tenuium
757 875 936 950 britannica
958 875 1069 938 eadem
1091 870 1185 936 utin
1206 869 1276 934 aliis
1303 881 1308 890 '

105 984 227 1068 lingitis
234 1031 245 1062 ‚
263 985 376 1068 procul
398 985 495 1049 dubio
516 995 549 1048 et
569 985 807 1068 pronuntiatio,
824 1007 853 1048 e.
871 1007 919 1069 gr.
937 982 1048 1047 e==k
1070 993 1144 1046 ante
1166 999 1277 1044 omnes

105 1091 242 1154 vocales.
291 1091 321 1153 E
346 1101 434 1154 statu
467 1090 637 1174 originario
663 1101 771 1156 autem
803 1102 1016 1173 transgressae
1041 1087 1076 1152 in
1102 1085 1277 1170 aspiratum

107 1195 295 1258 scribuntur
309 1196 418 1259 addita
432 1195 473 1259 h.-
493 1195 540 1278 pt
555 1197 730 1277 (interdum
742 1198 779 1282 f,
796 1195 865 1281 ff),
884 1197 929 1272 tls,
947 1194 986 1258 cb
1001 1192 1165 1276 (armorico
1180 1190 1278 1252 inter·

106 1301 185 1364 dum
201 1299 390 1384 simpliciter
403 1301 442 1377 h,
460 1300 599 1383 itemque
614 1301 738 1364 cornice
753 1300 934 1384 frequenter
948 1299 983 1362 in
997 1297 1109 1374 initio,
1125 1295 1228 1360 rarius
1243 1293 1278 1358 in

105 1405 214 1470 medio
228 1427 355 1483 vocum,
374 1405 429 1470 ubi
444 1405 530 1470 utin
544 1408 609 1469 fine
624 1407 718 1470 solita
732 1418 781 1470 est
792 1407 863 1490 pls).
887 1404 1060 1489 Aspiratio,
1078 1413 1153 1466 ants
1168 1419 1278 1463 omnes

105 1511 186 1574 alias
208 1533 421 1574 consonarum
440 1511 554 1574 classes
576 1511 660 1575 hanc
676 1511 824 1576 tenuium
837 1531 1000 1594 aggressa,
1023 1505 1208 1593 praesertim
1222 1525 1278 1587 po-

105 1615 242 1680 sitiones
268 1617 422 1699 quasdem
447 1617 566 1680 invasit
593 1617 663 1701 jam
687 1617 723 1682 in
748 1617 921 1680 vetustiore
948 1617 1061 1698 lingua
1085 1609 1274 1676 britannica.

104 1723 264 1784 Attamen
278 1731 381 1784 status
395 1721 594 1804 primitivus,
612 1721 756 1804 quemvis
770 1723 910 1786 multum
924 1720 1115 1805 aspiratione
1133 1713 1276 1800 perdide·

104 1825 167 1902 rit,
191 1825 290 1888 etiam
314 1827 424 1910 magni
448 1826 554 1890 adbuc
575 1837 624 1890 est
643 1827 782 1891 ambitus
802 1827 837 1890 in
857 1825 1079 1892 vetustissimis
1102 1821 1274 1888 codicibus.

106 1931 268 2014 Exempla
280 1931 426 1994 tenuium
433 1931 615 1996 vetustioris
626 1932 755 2015 lingrme
767 1943 962 1996 servatarum
972 1931 1008 1994 in
1015 1941 1103 1995 statu
1113 1925 1274 2014 primario.

195 2038 224 2100 P
246 2037 452 2100 cambriae
472 2049 599 2102 vetusta
612 2037 648 2100 in
668 2017 762 2100 initio
776 2037 873 2114 vocis,
891 2058 972 2121 quae
986 2046 1122 2120 estpars
1138 2031 1278 2098 secunde

105 2141 293 2225 compositi:
312 2141 517 2224 arpetetieion
536 2143 683 2225 (miseri),
701 2143 924 2226 bleuportlretio
939 2142 1088 2226 (laniger)
1103 2140 1148 2224 gl.
1167 2139 1274 2202 Oxon.

106 2247 149 2310 In
174 2245 282 2310 medio
305 2257 337 2310 et
357 2247 421 2310 fine
441 2257 531 2312 extre
550 2249 757 2333 positionem:
794 2248 960 2332 vortipori
984 2249 1207 2331 (Demetarum
1228 2253 1276 2325 ty·

106 2373 209 2416 mmre
218 2351 244 2433 1)
266 2351 370 2435 Epist.
388 2353 477 2416 Gild.
496 2356 618 2438 (Nenn.
636 2377 669 2438 p.
690 2357 777 2437 159).
806 2353 978 2436 Guortepir
998 2355 1046 2436 (n.
1063 2351 1137 2434 viri)
1153 2349 1274 2414 Chron.

107 2457 227 2520 cambr.
253 2455 289 2519 in
309 2457 408 2540 praef.
432 2459 474 2521 ad
495 2460 545 2522 ed.
569 2459 647 2542 Leg.
672 2483 705 2544 p.
730 2461 772 2526 V.
802 2458 981 2542 Pepidt'auo
1009 2457 1114 2541 regio,
1138 2455 1216 2520 vita
1238 2453 1274 2516 S.

108 2562 199 2626 Gild.
218 2563 343 2644 (Nenn.
360 2585 393 2648 p.
415 2567 501 2647 117).
518 2563 656 2646 Peptau,
674 2565 813 2648 Pespiau
828 2567 876 2646 (n.
894 2564 970 2639 viri3
988 2563 1119 2627 Peibaw
1134 2559 1224 2624 Mab.
1243 2562 1274 2634 2,

113 2670 190 2748 222)
211 2667 281 2732 Lib.
307 2669 411 2731 Land.
431 2675 483 2731 69.
505 2673 554 2732 72.
576 2676 647 2732 154.
676 2671 854 2755 νομαῐὶρὶαθ
875 2671 933 2752 (gl.
956 2667 1101 2749 olivsvit>
1122 2665 1167 2748 gl.
1191 2663 1291 2730 be..

110 2793 190 2854 man
204 2772 326 2856 (snus),
344 2773 405 2858 1⁸01>
420 2773 632 2859 (sinetrauo
648 2777 791 2861 (quvis),
810 2797 865 2859 οφ
884 2773 1091 2858 (smum).
1107 2768 1175 2852 Μὶν
1191 2769 1276 2851 (12²0-

108 2879 181 2961 ten)
195 2879 241 2962 gl.
258 2880 365 2944 Oxou.

194 2985 237 3048 In
258 2985 449 3068 quibusdam
469 2985 598 3050 vocibus
612 3009 641 3070 p
661 2984 766 3050 media
788 2993 857 3048 orta
878 2995 926 3048 est
946 3005 965 3046 e
984 2984 1108 3046 duabus
1130 2976 1277 3042 consonis

106 3089 359 3153 coalescentibus
376 3089 446 3173 jam
467 3089 502 3156 in
523 3103 649 3156 vetusto
670 3091 799 3176 lingue:
825 3111 903 3174 oper
924 3087 1056 3172 (ostium
1075 3083 1179 3167 fluvii)
1194 3081 1274 3147 Cod.

107 3193 215 3258 Iicbs.
234 3193 306 3257 Lib.
325 3195 429 3260 Lend.
446 3197 490 3280 t'q.
508 3218 549 3262 ex
570 3197 660 3262 ather
680 3199 731 3280 (nt
750 3205 839 3282 petet
859 3217 876 3259 e
897 3191 1079 3278 compositis
1101 3189 1172 3254 aliis
1192 3187 1278 3250 idem

107 3299 377 3382 significantibus,
391 3303 509 3366 cambr.
527 3302 635 3380 emer,
650 3323 767 3388 cymnr,
782 3301 804 3364 i.
819 3323 847 3364 e.
866 3300 1001 3386 cymber,
1017 3297 1052 3361 in
1067 3296 1156 3364 Libr.
1171 3294 1274 3358 Land.

109 3409 183 3468 127.
204 3409 278 3466 128.
299 3409 377 3482 204,
400 3418 433 3470 et
453 3407 578 3471 hibern.
595 3407 677 3491 geel.
701 3405 833 3487 enchir).
859 3405 971 3490 apertio
991 3403 1147 3486 (victima)
1169 3421 1208 3465 ex
1229 3408 1276 3462 ot·

108 3509 198 3574 berth
214 3509 355 3591 (hlbem.
373 3523 437 3576 vet.
455 3513 580 3596 edbert)
595 3513 640 3596 gl.
658 3513 765 3577 Oxon.

193 3615 225 3679 Τ
240 3613 276 3678 in
291 3615 400 3680 initio:
418 3639 488 3682 mor
503 3627 555 3682 tru
570 3619 628 3702 (gl.
646 3618 728 3682 eheu
739 3617 763 3699 !)
778 3617 823 3700 gl.
841 3617 948 3682 Oxou.
972 3615 1014 3678 In
1029 3611 1274 3698 compositione:

107 3721 215 3806 bontip
232 3721 422 3805 (stabulum)
434 3722 512 3786 ibid.
526 3725 640 3800 Batoi,
661 3723 785 3786 Teirtot
798 3726 845 3805 (n.
863 3723 974 3804 viror.)
989 3720 1062 3783 Lib.
1081 3719 1185 3783 Land.
1203 3721 1274 3778 126.

110 3831 182 3891 264.
216 3827 261 3890 In
280 3827 385 3890 medio
407 3837 439 3890 et
453 3829 535 3892 fine:
561 3835 639 3892 etem
655 3825 810 3909 (instita),
834 3827 942 3892 cetimt
956 3826 1126 3909 (volucres)
1135 3871 1145 3900 ,
1163 3821 1274 3897 sterio,

107 3931 232 3996 eterinn
253 3931 346 4012 (avis,
363 3931 533 4016 volucris),
551 3941 711 3996 anutonoo
731 3931 915 4016 (perjuris),
935 3933 1016 3996 lituo
1030 3927 1207 4010 (letavit),
1225 3947 1277 3988 Μ·

106 4039 238 4102 mebbm
254 4036 402 4120 (innuo),
420 4037 597 4102 enmeituou
613 4040 759 4121 (nubis),
780 4037 895 4101 notuid
907 4039 1029 4120 (ecus),
1048 4033 1119 4098 dctl
1132 4033 1275 4114 (forum),

107 4141 294 4206 datolaham
310 4142 422 4225 (lego),
439 4151 580 4227 petpuor
594 4146 770 4226 (quatuor),
786 4141 899 4206 coitos'r
913 4141 1052 4224 (pubes),
1065 4135 1185 4221 protell
1198 4137 1277 4217 (cre-

107 4247 240 4330 ticula),
259 4247 379 4312 clutom
395 4249 530 4330 (struo),
555 4248 721 4313 seruitium
745 4251 878 4330 (sorec),
904 4245 950 4307 rit
970 4244 1132 4324 (vedum),
1157 4241 1209 4304 bot
1229 4238 1252 4320 (’

108 4374 247 4438 compos.
265 4353 490 4436 ompnoobot),
508 4354 602 4418 broot
623 4355 733 4436 (frater
753 4353 804 4417 vel
822 4349 994 4435 judicium)
1009 4348 1044 4410 in
1064 4345 1177 4431 glossis
1192 4345 1278 4408 Oxo·

108 4457 283 4524 niensibus.
318 4459 488 4522 Praetereo
507 4457 542 4522 ia
557 4458 669 4524 iisdem
683 4456 911 4542 frequentiores
927 4453 1137 4519 derivationes
1151 4450 1202 4516 vel
1218 4460 1278 4520 tet·-
