3204 5084
614 435 811 478 r‘nnsmmo.
1187 421 1305 478 XLVII

126 587 301 672 tannicis,
323 588 422 658 inter
439 609 535 679 quae
553 586 663 658 etiam
681 583 757 658 alia
771 585 920 660 aliunde
937 588 1071 660 hausta
1086 587 1300 668 recentiora,

125 734 159 781 e.
182 733 241 804 gr.
264 731 286 778 e
304 705 527 776 chartulario
547 704 879 798 Kemperlegiensi,
901 706 1089 800 leguntur.

234 827 271 896 2.
303 823 395 894 Vita
413 823 451 894 S.
473 823 630 920 Nonnae
648 822 707 894 vel
720 823 892 908 Nonitac‚
914 833 1046 918 poema
1062 823 1304 896 dramaticum

128 952 316 1015 servatum
334 941 445 1012 unico
463 941 588 1012 codice
602 942 805 1024 chartaceo,
827 942 892 1033 qui
910 943 1082 1015 inventus
1100 952 1155 1016 est
1167 967 1190 1014 a
1202 943 1304 1014 Mar-

128 1063 213 1133 zino
232 1059 376 1132 notario
394 1057 556 1153 episcopi
574 1057 850 1152 Quimperensis
868 1059 909 1132 in
925 1061 1057 1134 itinere
1075 1059 1249 1156 pastorali
1266 1069 1305 1131 et

127 1183 289 1252 donatus
306 1179 353 1249 ah
372 1201 415 1248 eo
432 1177 576 1248 editori.
1334 1169 1338 1177 ¹

233 1297 388 1368 Editum
411 1305 466 1368 est
490 1296 559 1366 hoc
584 1303 717 1389 poema
742 1297 811 1368 sub
837 1295 967 1369 titulo:
1004 1297 1156 1370 “Baltez
1184 1305 1303 1370 canter

128 1417 255 1496 Nona,
289 1439 338 1487 ou
355 1415 428 1486 Vie
447 1415 493 1486 de
517 1413 635 1486 sainte
653 1415 789 1487 Nonne
807 1415 908 1488 etde
926 1439 992 1488 son
1008 1415 1066 1486 fiis
1084 1415 1181 1490 saint
1199 1413 1304 1507 Devy

128 1534 278 1631 (David)
337 1531 500 1628 Mystere
521 1535 689 1628 compost
707 1557 755 1606 en
770 1533 907 1628 langue
924 1535 1103 1606 bretonne
1120 1532 1305 1606 anterieu-

125 1661 274 1726 rement
292 1675 341 1722 au
369 1651 426 1722 12.
449 1649 575 1733 si'ecle,
605 1652 733 1746 publici
759 1649 899 1745 d’apres
925 1677 977 1724 un
1000 1651 1200 1724 manuscrit
1220 1651 1305 1722 uni-

127 1797 213 1864 que.
245 1793 335 1841 avec
352 1791 427 1840 unc
444 1769 693 1842 introduction
715 1793 781 1863 par
798 1769 918 1841 l'abbe
937 1769 1153 1852 Sicnnet,
1185 1777 1223 1840 et
1244 1791 1304 1840 ac-

127 1887 336 1984 compagne
360 1889 470 1959 d'une
488 1889 696 1960 traduction
712 1887 870 1960 litterale
888 1889 934 1959 de
952 1889 1008 1959 M.
1031 1886 1210 1982 Legoni
1221 1889 1303 1960 dec

126 2017 165 2080 et
183 2004 485 2079 d’unfac-simile
503 2007 554 2076 du
567 2006 779 2077 manuscrit.
803 2004 907 2078 Paris
928 2007 1062 2076 1837‘2
1111 2005 1306 2100 Significa-

127 2135 189 2197 tur
207 2151 232 2196 a
248 2149 310 2196 me
327 2125 419 2196 haec
437 2123 549 2194 editio
567 2123 682 2196 literis
701 2123 798 2196 Buh.

233 2241 409 2314 Codicem
435 2241 553 2312 editor
578 2242 755 2335 scriptum
778 2241 957 2314 serissime
980 2241 1133 2314 ineunte
1158 2239 1303 2314 saeculo

125 2363 263 2456 quinto
282 2361 424 2431 decimo
443 2358 569 2454 (praef.
593 2359 805 2456 XXVIII),
833 2361 941 2452 eique
959 2363 1105 2432 subesse
1124 2359 1302 2453 composi-

127 2481 272 2552 tionem
294 2479 412 2550 multo
437 2477 682 2560 vetustiorem,
714 2478 900 2550 saeculum
918 2478 1177 2551 duodecimum
1195 2501 1303 2572 supe-

126 2607 288 2681 rantem,
302 2597 440 2668 asserit.
463 2595 647 2688 Equidem
656 2597 703 2666 ob
712 2595 890 2691 linguam,
902 2620 996 2689 quae
1006 2597 1176 2669 habitum
1186 2595 1304 2666 multo

128 2717 373 2790 recentiorem
390 2739 476 2810 prae
494 2739 532 2786 se
550 2713 641 2797 fert,
663 2713 751 2784 huic
764 2739 839 2786 non
857 2715 1025 2796 assentio,
1048 2723 1087 2786 et
1103 2713 1229 2784 modim
1247 2737 1304 2784 as-

128 2836 267 2908 sentire
285 2835 321 2906 ei
338 2835 404 2926 qui
421 2847 497 2905 tam
515 2833 677 2904 codicem
691 2856 803 2923 quam
814 2831 1126 2924 compositionem,
1148 2839 1192 2902 ut
1204 2853 1305 2902 nunc

129 2955 254 3034 adest,
278 2977 356 3024 esse
374 2951 512 3024 saeculi
530 2951 652 3042 quarti
670 2951 805 3022 decimi
821 2949 989 3022 affirmet.

233 3069 341 3142 Haec
365 3072 412 3141 de
437 3069 624 3141 codicibus
646 3069 734 3163 ipsis
758 3068 818 3140 vel
842 3065 1006 3139 fontibus
1031 3065 1143 3161 hujus
1160 3063 1299 3158 operis;

129 3188 169 3259 in
195 3189 417 3260 adhibendis
441 3187 500 3260 vel
522 3187 719 3260 reddendis
742 3188 795 3259 eis
817 3189 883 3259 has
906 3183 1136 3280 potissimum
1159 3181 1305 3278 regulas

129 3317 279 3378 secutus
292 3331 386 3378 sum.
417 3307 463 3377 In
477 3305 671 3378 afferendis
684 3305 881 3378 vocibuset
894 3301 1305 3397 exemplisecodicibus

129 3449 206 3496 non
223 3424 357 3496 recessi
374 3427 421 3496 ab
433 3447 560 3495 eorum
573 3423 801 3506 auctoritate,
828 3437 865 3496 et
879 3423 1033 3506 reddidi,
1054 3423 1149 3492 sicut
1163 3419 1300 3500 inveni,

129 3567 163 3614 e.
176 3567 233 3638 gr.
252 3552 445 3614 accentum
459 3550 610 3613 acutum
623 3541 892 3636 significantem
909 3543 1072 3614 vocalem
1089 3541 1306 3633 productam

129 3661 170 3732 in
188 3661 379 3732 codicibus
395 3659 616 3743 hibernicis,
645 3659 842 3732 articulum
868 3659 925 3732 vel
947 3659 1144 3753 particulas
1157 3659 1306 3753 junctas

129 3778 213 3851 aliis
231 3777 408 3850 orationis
431 3778 598 3871 partibus
615 3777 656 3848 in
674 3777 861 3848 codicibus
878 3777 1077 3848 hibernicis
1095 3789 1132 3847 et
1150 3774 1307 3846 cambri-

129 3895 195 3967 cis.
226 3896 500 3968 Auctoritatem
518 3896 685 3968 codicum
704 3895 816 3968 etiam
826 3919 913 3988 prae
928 3919 965 3967 se
983 3893 1108 3968 ferunt
1125 3917 1230 3966 voces
1248 3891 1308 3964 vel

131 4013 338 4084 sententiae
356 4013 510 4096 latinae,
540 4013 675 4105 quibus
700 4014 872 4106 praemisi
890 4014 1036 4109 signum
1063 4011 1130 4107 gl„
1160 4009 1308 4100 quodsi

132 4133 247 4211 deest,
270 4154 344 4200 vox
363 4131 423 4200 vel
440 4132 623 4202 sententia
639 4131 779 4202 lunulis
793 4131 935 4202 inclusa
949 4155 1023 4202 non
1037 4131 1077 4200 in
1091 4129 1215 4199 codice
1228 4125 1308 4218 ipso

134 4249 258 4320 oblata
276 4258 315 4319 et
333 4245 493 4342 glossata
510 4257 575 4324 est.
600 4251 663 4320 sed
681 4273 764 4320 mea
780 4249 909 4320 versio.

235 4367 273 4438 N
275 4391 318 4438 ec
336 4366 468 4436 recessi
486 4365 593 4438 facile
612 4392 634 4437 a
652 4366 757 4438 solito
775 4365 900 4456 aliquo
919 4361 1125 4457 scriptionis
1143 4361 1310 4433 codicum

139 4483 196 4556 vel
211 4484 423 4556 editionum
436 4507 552 4567 more,
582 4485 749 4592 quamvis
772 4486 820 4555 sit
837 4483 1021 4554 interdum
1049 4491 1175 4554 contra
1192 4503 1312 4576 grem-
