3204 5084
660 399 859 446 snasmmo.
1215 387 1351 444 xxxlx

278 554 315 624 d.
346 553 405 624 De
432 552 611 624 mensuris
629 563 666 626 et
690 551 913 648 ponderibus
938 555 1138 646 quaedam,
1167 555 1350 626 cambriae

173 671 392 744 intermixta
407 671 544 753 latinis,
567 671 607 742 in
625 697 662 764 p.
687 667 762 744 22⁵.
786 672 859 744 23¹.

278 788 374 862 Sunt
392 790 432 862 in
450 791 520 861 hac
538 798 694 880 utraque
712 799 815 882 parte
834 767 1008 883 ¹priuciora
1025 790 1224 872 cambuca,
1247 792 1286 862 iu
1305 794 1342 863 d.

170 907 220 976 ob
239 907 459 1001 scripturam
473 907 691 1001 implicitam
709 917 747 980 et
758 909 940 981 minutam
957 931 1065 1004 aegre
1083 908 1258 1004 legenda,
1281 912 1345 982 sed

168 1045 194 1096 a
211 1033 394 1099 vetustate
411 1035 498 1099 ante
517 1025 698 1098 dictorum
716 1051 790 1100 non
808 1027 1081 1124 degenerantia.

276 1145 313 1214 2.
353 1143 575 1216 Oxoniensis
597 1145 793 1238 posterior:
833 1147 948 1216 codex
973 1143 1196 1239 Bodlejanus
1226 1167 1344 1238 quon-

167 1261 256 1331 dam
293 1261 520 1357 significatus
544 1264 627 1334 NE.
655 1263 699 1336 B.
730 1267 765 1336 5.
800 1265 841 1346 9,
887 1287 987 1334 nunc
1016 1265 1090 1334 Ms.
1119 1263 1225 1334 Bodl.
1253 1265 1338 1347 572,

165 1381 470 1454 membranaceus
487 1380 625 1454 formae
642 1381 805 1464 minoris,
822 1405 879 1452 res
898 1381 1121 1476 theologicas
1134 1379 1337 1466 continens,

163 1495 207 1566 in
234 1498 356 1569 medio
380 1507 506 1570 autem
529 1525 552 1570 a
577 1525 614 1594 p.
642 1495 705 1571 41s
728 1523 844 1592 usque
869 1501 916 1572 ad
934 1492 998 1572 47⁵
1021 1523 1136 1592 pensa
1161 1499 1342 1590 quaedam

162 1611 287 1686 latina
315 1617 363 1687 ad
393 1619 639 1710 praebendam
670 1618 793 1712 pueris
816 1619 959 1713 copiam
983 1620 1176 1690 verborum
1208 1617 1262 1711 (ut
1287 1617 1341 1689 vi-

163 1731 288 1826 detur)
320 1758 405 1806 cum
429 1737 580 1810 vocibus
610 1735 820 1819 combricio,
857 1761 953 1828 quae
979 1735 1135 1828 scriptae
1164 1745 1251 1808 sunt
1275 1745 1340 1810 aut

162 1871 281 1942 supra
297 1853 476 1926 vocabula
492 1853 609 1928 latina
631 1865 697 1927 aut
713 1862 796 1950 post
813 1879 857 1926 ea
880 1855 920 1926 in
943 1854 1043 1926 linea
1060 1879 1145 1925 oum
1169 1854 1274 1950 signo
1297 1879 1357 1928 .1..

159 1966 409 2061 glossatorum
435 1973 554 2045 solito.
602 1975 648 2046 In
675 1997 762 2068 pag.
784 1974 846 2044 41·
867 1974 959 2046 haec
983 1973 1167 2044 cambriea
1192 1997 1339 2066 praece·

159 2086 278 2156 dente
306 2091 582 2183 conspiciuntur
601 2101 672 2164 tres
695 2092 815 2162 lineae
837 2091 1026 2162 literarum
1051 2091 1261 2162 tunicarum
1280 2093 1339 2164 vel

159 2204 398 2280 bardicarum
432 2210 545 2282 mirae
582 2209 739 2292 formae,
787 2209 1035 2281 differentium
1072 2218 1147 2280 tam
1170 2195 1201 2280 'a
1235 2211 1338 2282 runis

159 2325 198 2394 N
200 2327 342 2397 emnivi
368 2351 480 2419 quam
505 2351 528 2399 a
551 2329 742 2401 scandicis.
789 2329 1009 2422 Scriptorem
1040 2327 1229 2398 Britonem
1260 2327 1336 2400 sive

158 2443 366 2516 Cambrum
384 2447 544 2520 ostendit
567 2449 608 2520 in
625 2448 683 2518 his
706 2447 828 2542 pensis
846 2447 954 2518 obvia
971 2446 1171 2518 sententia:
1193 2447 1336 2518 bumili-

159 2563 229 2633 bus
245 2563 332 2636 deus
348 2565 411 2638 det
421 2569 577 2662 qratiam
600 2578 635 2638 et
655 2569 850 2639 uictoriam.
887 2564 1003 2637 clades
1025 2589 1153 2660 amque
1170 2563 1267 2652 facta
1285 2577 1337 2638 est

158 2694 195 2754 et
225 2683 269 2754 de
297 2685 490 2759 aaronitas
513 2689 675 2782 percussi
703 2697 788 2758 suat
820 2685 923 2758 multi
960 2682 1003 2756 de
1040 2684 1233 2754 britonibus
1268 2708 1334 2755 aa·

159 2811 227 2872 mm
246 2805 335 2874 rari.

263 2919 392 2992 Codex
405 2922 572 3014 quamvis
585 2947 660 2994 non
680 2920 832 3015 attingit
849 2927 1006 2991 aetatem
1030 2929 1116 2990 ante
1134 2919 1327 2998 dictorum,

156 3039 461 3112 evocabulorum
486 3049 610 3112 tamen
636 3065 730 3132 quae
755 3038 861 3110 offert
881 3037 1044 3108 maxima
1060 3045 1164 3130 parte
1181 3037 1331 3132 Hagnae

156 3157 364 3229 cambricae
388 3159 509 3232 elucet
533 3159 703 3232 formatio
726 3181 771 3229 ea
793 3165 953 3240 vetuste,
983 3179 1079 3247 quae
1102 3163 1145 3228 ut
1162 3153 1331 3228 formatio

6 3333 11 3354 .
154 3275 371 3348 hibernicae
403 3287 567 3350 vetustae
597 3278 742 3374 ignorat
767 3275 1043 3347 destitutionem
1072 3299 1325 3348 consonarum.

153 3395 277 3466 Adest
294 3419 327 3466 e.
349 3420 405 3490 gr.
427 3397 548 3468 adhuc
566 3404 682 3484 status
698 3394 906 3488 primitivus
925 3393 1092 3465 tenuium
1111 3402 1149 3465 et
1161 3419 1195 3466 m
1208 3393 1248 3464 in
1266 3419 1329 3466 vo-

153 3513 280 3584 cibus:
311 3537 370 3610 cep
387 3513 615 3610 (fossarium),
643 3514 768 3588 aotaid
783 3512 905 3607 (acus),
929 3509 1323 3608 torctcrfforatorium),

154 3632 307 3704 cemecid
319 3633 536 3730 (lapidaria),
561 3645 634 3708 acet
651 3633 801 3728 (raster).
820 3655 958 3704 aemon
973 3630 1127 3726 (banus),
1144 3633 1327 3727 quillibs'm

154 3748 323 3845 (forceps)
343 3761 414 3824 etc.
457 3754 607 3826 Adsunt
626 3763 749 3824 tamen
767 3751 848 3847 jam
865 3750 976 3822 etiam
995 3749 1103 3822 initia
1120 3750 1327 3822 destitutio-

154 3869 225 3950 nis,
249 3892 283 3940 e.
304 3894 359 3964 gr.
381 3871 421 3942 in
439 3871 623 3968 modreped
640 3870 923 3966 (promoneped),
946 3869 1158 3962 praesertim
1172 3869 1212 3940 in
1227 3895 1325 3941 eom-

152 3986 300 4080 positis:
323 3989 492 4090 rasqoord
509 3991 765 4088 (zoas-cord),
789 3989 919 4062 tendat
933 3987 1110 4083 (beo-tat),
1128 3989 1327 4082 pu-beoaid

155 4105 411 4202 (quo-permisi).

258 4223 294 4295 3.
317 4223 443 4296 Codex
451 4225 624 4297 ecclesiae
635 4225 902 4320 Lichfeldensis
916 4227 1036 4320 (antea
1045 4225 1319 4320 Landavensis),

153 4341 348 4436 evangelia
376 4343 586 4427 confinem,
621 4345 659 4416 in
691 4369 765 4436 quo
794 4345 903 4418 variis
928 4343 1018 4413 locis
1047 4343 1092 4434 (e.
1122 4367 1177 4436 gr.
1206 4342 1246 4413 in
1270 4343 1319 4414 9“.

159 4459 227 4575 lbs.
260 4463 334 4532 71¹.
373 4461 469 4556 109⁸)
496 4463 710 4535 donationes
740 4462 914 4536 ecclesiae
942 4462 1174 4534 Laudavensi
1205 4459 1324 4536 factae
