3104 5078
156 409 183 472 I.
201 412 229 470 2.
261 425 429 472 consortia
444 423 671 469 narrarurcan
686 421 897 469 rucnosrtrns
912 425 1127 472 rnrurrrvan.
1187 410 1245 472 20¹

104 597 275 661 cumpton.
299 595 434 660 possess.
459 593 539 650 arn,
565 573 655 658 cujus
677 573 910 638 corrodenda
933 587 1077 642 estante
1108 588 1248 656 tenuem,

101 683 124 746 si
142 682 324 746 scriberetur
345 691 383 742 ut
404 677 641 763 pronuntiatur,
660 689 743 742 esset
759 700 799 742 ar
814 679 924 743 hds'sdc
936 681 1030 761 (liber
1043 687 1177 766 noster),
1195 685 1251 748 sed

101 788 230 852 scribunt
244 785 390 850 hodierni
404 805 444 848 ar
458 783 598 866 bpdtsdc,
613 805 653 848 ar
668 784 822 868 hpdiade.
849 787 947 848 Porro
961 807 1019 870 pro
1034 809 1074 851 ar·
1088 791 1141 854 dir
1156 791 1253 871 (terra
1361 843 1366 852 .

101 905 212 968 nostm
229 892 355 956 hibern.
373 899 437 952 vet.
455 909 496 950 cr
511 890 567 971 tir)
583 889 730 954 scribitur
743 912 783 954 ar
797 891 874 966 dtr,
892 912 931 954 cr
946 893 1046 968 ‹ts'r;
1069 915 1128 977 pro
1142 917 1186 958 na
1200 916 1252 958 cos

101 1001 232 1082 (pedum)
254 1020 298 1062 na
322 1017 408 1080 pecs,
425 1017 468 1058 no
491 1016 591 1078 qvos,
614 1017 672 1079 pro
693 995 746 1058 ior
768 995 848 1079 qeilt
868 997 954 1079 (post
975 997 1176 1081 colationem)
1200 999 1254 1062 ior

99 1105 191 1188 qeeilt,
208 1103 261 1166 ior
279 1101 402 1186 p-eer'lt.
435 1099 563 1162 Patitur
582 1099 822 1164 destitutionem
840 1111 913 1184 post
927 1101 999 1164 illas
1013 1103 1141 1166 voculas
1156 1103 1253 1166 etiam

93 1210 213 1292 s,quae
234 1206 384 1271 scribitur
405 1226 479 1268 cum
501 1205 518 1266 b
540 1204 589 1268 vel
611 1205 662 1282 th,
679 1205 907 1288 pronuntiatur
921 1217 1030 1270 autem
1043 1230 1062 1270 c
1077 1208 1127 1270 vel
1142 1229 1191 1270 w.-
1213 1229 1253 1270 or

94 1315 159 1398 fail
175 1312 317 1397 (sanguis
340 1313 473 1394 noster),
490 1310 734 1394 pronuntiatum
756 1331 795 1374 ar
813 1310 912 1388 thail,
931 1312 1085 1396 scriptum
1099 1335 1139 1376 cr
1154 1311 1249 1397 bsoil,

101 1439 134 1480 cr
155 1417 280 1502 tt-fcil.
320 1416 344 1480 S
371 1415 524 1479 inchoans
551 1416 822 1480 substantivorum
846 1416 882 1480 in
907 1417 1047 1494 casibus,
1075 1418 1111 1481 in
1137 1417 1252 1502 quibus

101 1521 244 1599 inficitm,
273 1543 333 1606 pro
359 1520 405 1598 in,
422 1519 482 1584 ind
504 1521 605 1586 forma
625 1521 751 1584 articuli
776 1521 811 1584 in
833 1521 903 1585 aliis
924 1522 1146 1605 junctionibus
1167 1533 1254 1587 amat

102 1640 166 1692 anta
178 1651 210 1691 se
231 1628 280 1692 int
297 1627 369 1711 jam
391 1626 426 1688 in
440 1637 566 1690 schista
580 1627 692 1711 lingua
713 1638 746 1690 et
766 1627 861 1691 hodie
876 1649 1001 1712 quoque
1016 1639 1092 1704 ant,·
1116 1639 1165 1692 est
1179 1649 1253 1712 ergo

102 1733 131 1796 in
149 1733 288 1816 exemplo
310 1731 437 1794 hibern.
455 1739 512 1795 ani
536 1732 602 1796 stat
622 1731 755 1815 (virga),
778 1753 878 1818 aeque
893 1745 931 1796 ut
952 1734 987 1796 in
1008 1734 1089 1818 gael.
1113 1741 1171 1797 ant
1189 1732 1257 1796 scil

102 1838 237 1921 (curlus),
252 1859 336 1921 quae
352 1837 495 1900 scribunt
508 1836 655 1900 hodierni
669 1859 712 1900 cn
727 1837 813 1915 talot,
828 1861 870 1902 an
882 1840 983 1917 balat,
998 1863 1040 1904 cn
1053 1839 1146 1903 t-rtil
1157 1849 1254 1920 atquc

103 1943 298 2006 adnumerant
308 1942 464 2025 exemplis
476 1941 639 2025 eclipseos,
649 1942 698 2006 nil
708 1942 771 2006 nisi
782 1942 911 2008 iniectio
922 1945 1061 2028 aspirata
1071 1943 1123 2007 vel
1133 1942 1251 2006 mollis.

174 2049 262 2111 Haec
285 2047 451 2110 hibernica
472 2047 628 2111 recentior
648 2048 761 2130 lingua
775 2048 914 2112 excoluit
929 2049 1138 2113 solummodo.
1170 2048 1253 2110 Gae-

103 2151 155 2216 lica
166 2175 221 2216 nec
233 2153 358 2216 medias
372 2173 432 2214 nec
448 2163 559 2215 tenues
576 2152 679 2236 tangit
693 2152 729 2215 in
743 2153 854 2216 eodem
868 2153 944 2230 situ,
959 2156 1015 2218 sed
1029 2155 1132 2238 perdit
1146 2176 1168 2216 n
1183 2175 1254 2237 par·

104 2256 256 2322 ticularum
277 2259 332 2322 vel
354 2257 591 2341 pronominum,
609 2267 741 2341 excepta
760 2257 861 2321 forma
878 2259 1004 2322 articuli
1018 2259 1152 2344 genitivi
1166 2259 1252 2342 pluo

103 2381 168 2438 oon,
185 2385 261 2445 quae
282 2385 305 2426 n
328 2373 434 2426 servat
453 2363 504 2426 vel
524 2371 630 2427 mutat
649 2361 684 2425 in
705 2383 737 2426 m
759 2373 834 2426 anta
854 2363 999 2427 labiales:
1026 2387 1065 2428 ar
1085 2365 1141 2428 dic
1162 2365 1254 2445 (deus

104 2470 220 2550 noster),
236 2489 275 2532 cr
295 2472 343 2534 tir
363 2469 461 2549 (terra
480 2471 614 2550 nostra),
633 2467 686 2531 iar
705 2467 845 2532 heclodls
868 2470 954 2552 (post
968 2469 1171 2552 caesionem),
1188 2491 1254 2533 naa

105 2593 147 2634 ω.
161 2573 309 2658 (psum),
329 2595 407 2637 nam
423 2573 726 2656 saracenorum).

550 2795 803 2804 m—

185 3001 234 3074 11.
286 3001 525 3072 Consonae
550 2999 842 3071 britannicae
874 2997 1156 3070 inchoantes.

177 3199 215 3261 A.
247 3199 397 3266 Status
417 3197 655 3281 primitivus
676 3217 887 3260 consonarum
901 3195 1122 3260 inchoantium
1136 3193 1255 3260 britan-

105 3303 164 3366 nice
177 3315 318 3368 servatus
341 3303 545 3387 regulariter,
556 3302 583 3366 si
598 3325 660 3368 vox
674 3302 864 3387 praecedens
881 3301 1069 3365 terminatur
1084 3324 1103 3365 a
1117 3321 1257 3366 consona

104 3427 160 3470 non
178 3409 350 3485 inficiente,
368 3408 396 3471 si
415 3431 481 3472 non
504 3408 641 3492 amplius
663 3409 698 3470 in
719 3407 883 3483 hodierna,
901 3405 1014 3469 saltem
1035 3406 1071 3469 in
1085 3405 1257 3470 vebistiore

104 3511 201 3592 forma,
213 3515 249 3578 in
264 3513 471 3596 sequentibus
482 3512 685 3595 potissimum
695 3512 831 3576 occurrit
841 3511 1074 3595 junctionibus
1100 3510 1257 3595 Exempla

104 3620 246 3684 cambrica
267 3642 285 3684 e
308 3621 415 3686 codice
435 3619 530 3684 rubro
551 3628 601 3681 sat
614 3639 783 3680 numerosa
799 3628 885 3694 sunt,
898 3639 963 3694 ¹nec
978 3620 1095 3680 desunt
1109 3615 1235 3681 cornice
1244 3638 1253 3688 ;

105 3725 253 3803 umorica,
271 3726 300 3790 si
320 3726 473 3790 deficiunt
492 3723 677 3799 venaticis,
696 3743 736 3786 ex
751 3721 905 3786 hodierna
919 3722 1030 3806 ling-ua
1044 3723 1254 3806 proferentur.

178 3831 206 3894 Ι.
243 3832 286 3894 In
312 3832 547 3896 constructione
573 3839 675 3892 status
701 3827 890 3911 originarius
923 3836 951 3890 1.
975 3838 1049 3912 post
1073 3825 1254 3890 articulum.

106 3931 308 4000 Cambrice
329 3941 363 4020 a)
385 3937 421 3999 in
434 3935 561 4000 numeri
576 3933 745 4017 singularis
760 3933 885 3997 casibus
897 3933 1056 4008 omnibus,
1071 3930 1099 3993 si
1111 3930 1257 3992 substan-

106 4034 196 4102 tivum
215 4051 264 4104 est
285 4042 410 4124 generis
424 4039 610 4106 masculini:
635 4039 693 4102 tot
714 4062 736 4124 y
759 4038 814 4101 kei
827 4037 924 4120 (dixit
938 4036 1049 4117 Caius)
1066 4035 1154 4096 Mab.
1176 4039 1204 4107 1,
1224 4036 1254 4092 2.

103 4159 191 4220 quac
213 4168 235 4230 y
258 4167 330 4230 ρων
354 4147 472 4230 (coepit
492 4147 554 4229 vir)
577 4144 666 4207 Mcb.
689 4150 716 4220 l,
737 4150 767 4205 5.
793 4161 917 4226 quneyr
942 4147 1050 4202 caract
1073 4159 1113 4223 yr
1139 4138 1259 4221 brcnyn

106 4245 151 4322 (fit
169 4247 284 4332 injuria
305 4252 385 4335 regi)
401 4253 479 4335 Leg.
501 4259 528 4313 l.
549 4256 578 4312 2.
595 4255 625 4311 2.
659 4249 691 4332 ὀ)
713 4250 754 4312 ln
774 4245 891 4332 plurali
912 4265 969 4326 per
989 4263 1098 4306 omncs
1118 4261 1209 4306 casus
1224 4240 1259 4303 in

106 4359 228 4436 utroque
242 4375 376 4438 genere:
394 4378 433 4418 ar
444 4357 598 4440 pwraqed
610 4375 650 4418 ar
663 4353 784 4416 meilen
799 4372 839 4414 ar
853 4349 990 4412 merchet
1004 4349 1050 4430 (et
1063 4345 1212 4409 mulieres
1227 4355 1260 4408 ct

106 4457 188 4533 pueri
202 4469 234 4522 et
247 4459 386 4544 puellae)
401 4461 489 4524 Mnb.
509 4467 539 4536 3,
559 4465 633 4522 299.
658 4482 679 4544 y
693 4455 808 4541 poeti
819 4477 840 4540 y
853 4453 991 4540 yweison
1008 4451 1102 4535 (vidit
1116 4455 1256 4537 pueros),
