3204 5084
276 415 350 476 XVI
543 491 547 501 Ι
763 430 961 477 inlustro.

278 582 475 656 translatis
498 581 611 656 fuerit
632 585 749 656 oodex
771 585 811 656 in
837 593 971 657 terram
1002 581 1254 656 continentem
1282 589 1447 677 tempore

277 702 414 794 aliquo,
436 701 477 774 in
494 701 714 774 monasterio
730 697 921 774 hibernico
938 701 1074 794 scripto
1089 699 1202 773 fuisse
1218 709 1364 795 praeter
1380 725 1447 774 no-

277 820 380 891 mino
404 819 513 892 obvia
534 819 695 892 virorum
712 819 923 912 aequalium
944 817 1093 890 nonnisi
1116 819 1327 901 hibernico,
1357 819 1448 892 Fer-

272 961 356 1034 qus,
378 937 541 1034 Donqus,
569 939 745 1020 Ooirbbre,
773 937 904 1009 Calvus
921 937 1079 1010 Potrioii
1096 935 1358 1034 (Mutatio),
1388 935 1447 1008 in·

278 1055 400 1126 dicore
415 1056 561 1128 videtur
578 1055 698 1151 glossa
715 1054 827 1127 etiam
842 1054 1056 1150 marginalis
1073 1055 1171 1130 haec
1194 1055 1348 1149 paulum
1364 1077 1447 1126 mu-

280 1172 347 1244 tila
372 1172 482 1245 203⁸:
524 1174 691 1246 :xoithos
709 1175 830 1270 patrio
856 1175 877 1244 7
905 1173 995 1269 boio.
1023 1197 1067 1244 or
1091 1173 1303 1269 otdellriytae
1319 1173 1447 1246 nomba

279 1291 350 1364 olco
372 1313 529 1366 ammoto
541 1288 670 1386 frimm
702 1289 935 1362 :onocribrmd
956 1289 1138 1363 rosoribod
1159 1289 1327 1364 indulso*
1358 1289 1443 1386 (leg.

278 1411 442 1491 matthas,
464 1409 701 1482 orso-iluod?
718 1408 864 1482 bonitas
876 1405 1030 1480 Patn’oii
1046 1414 1085 1478 et
1095 1407 1259 1503 Brigitoe
1276 1407 1317 1480 in
1328 1407 1448 1479 Mael-

279 1525 460 1622 origum,
490 1551 539 1600 ne
556 1527 604 1598 sit
620 1527 738 1599 molus
756 1525 835 1622 ejus
852 1526 997 1600 enimus
1015 1525 1109 1596 mihi
1125 1533 1275 1620 propter
1291 1524 1448 1620 scriptu-

280 1667 359 1716 ram
387 1668 462 1736 qua
485 1644 662 1738 scriptum
685 1653 740 1716 est
761 1645 832 1716 hoo
858 1644 975 1740 opus),
1007 1641 1048 1715 in
1072 1665 1147 1735 quo
1168 1667 1305 1716 nomen
1329 1643 1447 1715 Metel·
1586 1668 1588 1684 ·

280 1763 391 1858 briqte
415 1763 543 1834 haberi
566 1763 681 1856 possit
704 1785 839 1834 nomen
863 1761 1007 1835 obbatis
1029 1759 1240 1834 monasterii
1266 1761 1326 1834 vel
1342 1783 1447 1855 prse-

280 1879 391 1974 positi
408 1879 609 1952 scribendis
625 1879 742 1953 libris.

384 1997 458 2069 Sed
469 1999 579 2072 debet
590 1999 717 2091 quaeri
729 2006 838 2079 certe.
857 2021 906 2071 on
918 2021 992 2070 non
1004 2005 1105 2070 ortus
1116 2021 1194 2070 esse
1205 1997 1320 2092 possit
1330 1987 1448 2069 codex

281 2115 793 2212 inmonasterioS.Golliipso
804 2115 865 2190 vel
874 2116 914 2188 in
923 2115 1359 2208 locisvioinis‚inq11ibus
1370 2137 1448 2186 mo-

281 2234 392 2306 noohi
399 2233 700 2329 Sootidegebsnt.
722 2237 782 2308 Ob
791 2233 942 2306 nomino
955 2241 1162 2306 sanctorum
1171 2241 1210 2305 et
1220 2232 1381 2304 virorum
1389 2231 1448 2303 hi-

281 2351 432 2423 bernice
444 2353 781 2426 duntaxotvixhoo
792 2352 945 2425 concedi
956 2351 1093 2446 poterit
1104 2349 1448 2424 deS.Gollimono-

280 2470 392 2548 sterio
408 2469 467 2542 vel
477 2472 522 2542 de
530 2469 717 2566 Rinougia
730 2471 805 2544 sive
813 2469 938 2566 Augie
949 2469 1089 2542 minore
1103 2469 1229 2566 (germ.
1244 2466 1443 2568 Rheinou),

281 2585 349 2658 ubi
365 2595 448 2681 post
465 2589 676 2661 Findanum
693 2589 790 2661 oiroa
807 2611 842 2659 a.
865 2589 938 2661 800
965 2587 1149 2660 inclusum
1173 2586 1312 2659 fuerim
1335 2585 1448 2657 etism

283 2703 347 2776 olii
363 2705 473 2789 Scoti,
496 2705 557 2779 vel
573 2707 620 2778 de
636 2707 762 2803 Augio
778 2705 915 2802 majore
941 2705 1017 2778 sive
1034 2705 1166 2791 divite;
1198 2727 1245 2776 ex
1259 2705 1329 2776 hoo
1348 2701 1450 2774 enim

281 2821 460 2896 oriundus
471 2826 588 2897 codex
598 2849 637 2897 n.
651 2825 673 2896 4
688 2825 800 2898 etism
811 2845 869 2895 res
880 2823 1107 2919 germanicos
1117 2822 1253 2917 prodit.
1283 2822 1356 2893 Sed
1367 2818 1450 2892 fue-

282 2941 495 3014 runtetism
505 2943 662 3039 collegia
675 2967 760 3014 cum
773 2940 1042 3014 habitatoribus
1052 2939 1179 3024 Sentis,
1202 2941 1319 3012 sinon
1331 2937 1449 3010 omni-

282 3059 369 3141 bus,
392 3067 517 3132 tomen
533 3059 831 3154 praevalentibus
847 3081 1019 3142 numero,
1041 3067 1084 3131 ut
1101 3059 1213 3130 Mons
1229 3057 1266 3130 S.
1288 3054 1450 3130 Victoris
1598 3101 1599 3152 ἶ

282 3197 397 3268 prope
414 3175 687 3260 Feldkirohom,
712 3177 865 3272 junctus
879 3175 1098 3250 monasterio
1117 3176 1156 3249 S.
1177 3175 1297 3260 Gelli,
1317 3177 1450 3267 “quem

282 3299 457 3376 montem,
469 3315 543 3384 quo
549 3293 726 3386 reliquiae
733 3302 772 3368 et
783 3293 936 3366 ecclesio
947 3293 1064 3366 suncti
1070 3293 1231 3367 Victoris
1242 3299 1451 3366 constructa

283 3431 361 3480 esse
370 3409 584 3496 dinoscitur,
602 3419 714 3504 atque
731 3410 900 3508 religioso
918 3413 1203 3505 quorundam
1221 3412 1451 3484 Scotorum

283 3535 509 3600 conventu
526 3527 717 3614 incolitur,
750 3531 798 3602 od
821 3529 1083 3604 monasterium
1101 3528 1227 3604 Sancti
1243 3527 1347 3602 Galli
1365 3529 1451 3624 jure

282 3644 544 3739 proprietario'
564 3647 722 3721 contulit
733 3647 884 3720 Carolus
896 3641 1047 3720 Crassus
1059 3673 1093 3720 a.
1116 3649 1189 3721 882
1209 3647 1260 3742 (N
1261 3655 1392 3744 eugort
1408 3671 1447 3719 u.

285 3761 385 3859 533).
430 3763 560 3836 Tradit
575 3763 674 3837 idem
691 3791 725 3838 a.
749 3767 822 3840 885
839 3767 1038 3859 “quosdam
1053 3765 1169 3839 resin
1186 3764 1276 3838 villa
1292 3763 1454 3838 Roitinis

284 3880 332 3952 od
348 3881 556 3956 venerabile
575 3883 613 3955 S.
636 3883 738 3956 Galli
755 3884 1016 3957 monasterium
1033 3907 1078 3957 eo
1093 3884 1257 3968 ratione,
1287 3891 1331 3955 ut
1347 3881 1453 3954 dein-
1596 3877 1597 3928 7

284 4021 371 4092 ceps
401 3998 448 4070 de
475 3999 564 4094 ipsis
593 4003 703 4075 rebus
732 4003 969 4074 duodecim
994 4001 1227 4099 peregrini
1257 4000 1298 4073 in
1327 4008 1453 4072 monte

286 4115 324 4189 S.
342 4117 503 4190 Victoris
519 4123 784 4214 procurentur”
806 4119 991 4216 (Neugo.
1006 4121 1099 4208 553;
1123 4118 1305 4194 cf.Pertz.
1322 4120 1358 4203 2,
1371 4115 1448 4213 73).

352 4314 366 4343 ⁶
383 4314 476 4372 sobo.
495 4316 557 4384 dul,
577 4325 714 4384 creature,
728 4335 772 4373 re·
786 4319 824 4390 (p.
837 4321 897 4383 tot,
911 4319 992 4391 not),
1007 4319 1059 4374 hoo
1070 4318 1132 4372 looo
1143 4335 1213 4390 opus
1223 4318 1338 4374 fortun
1350 4313 1457 4386 tissnffi-
1594 4373 1595 4380 ,

284 4413 358 4452 on..
389 4399 1454 4475 Seduthod.hibon.duttoott,pogina,vixloton(rooth-tto)operio
1594 4405 1595 4454 :

284 4481 376 4553 potius
387 4483 454 4550 folii,
469 4493 501 4541 ut
511 4485 635 4542 videatur
641 4485 815 4558 jungendum
827 4486 875 4542 dol
886 4503 947 4542 oum
959 4489 1046 4544 sobet.
1059 4487 1131 4544 otoo
1144 4487 1183 4560 (p.
1196 4487 1253 4560 tt).
