3204 5084
646 377 674 438 1.
721 397 807 440 seur.
1132 443 1136 448 ,
1283 383 1302 446 3

139 541 228 604 runis
244 539 401 624 scandicis
417 551 449 604 et
463 551 556 624 aptae
571 543 611 604 ad
625 541 831 608 incidendum
845 545 880 607 in
895 545 1020 628 lignum
1034 547 1085 610 vel
1099 547 1248 630 lapidem,
1267 561 1304 613 ut

138 646 347 730 alphabetum
376 647 410 710 N
410 646 545 723 emnivi‚
554 645 571 680 *
592 647 695 710 dietae
721 649 870 713 Coelbren
896 673 917 734 y
940 651 1067 729 deirdd,
1098 653 1303 736 alphabetum

137 752 335 827 Bardorum‚
359 751 411 814 cui
433 751 604 834 opponitur
622 752 771 816 Oceldren
792 776 813 837 y
832 753 993 831 mendich,
1017 756 1223 840 alphabetum
1236 780 1303 821 mo·

136 855 315 918 nachorum
330 856 381 918 vel
395 878 573 920 romanum.
598 857 723 940 Figuris
739 857 895 921 similibus
908 860 1083 923 arbusculis
1095 863 1146 926 vel
1157 865 1304 926 arborum

136 971 168 1022 et
188 960 345 1023 fruticum
365 959 514 1038 ramulis,
538 973 576 1024 ut
596 973 673 1024 suut
686 983 785 1025 runae
802 963 984 1040 scandieae,
1008 965 1103 1030 etiam
1119 969 1240 1032 Bardos
1255 969 1302 1031 hi·

136 1065 282 1128 bernicos
298 1087 373 1130 usos
388 1086 473 1143 esse,
493 1066 568 1130 inde
584 1066 798 1149 colligendum
813 1077 871 1144 est,
887 1071 973 1151 quod
987 1072 1134 1134 arborum
1148 1074 1199 1135 vel
1213 1073 1303 1136 sruti-

135 1191 209 1232 cum
235 1169 371 1234 nomina
397 1171 532 1254 singulis
553 1165 717 1234 literarum
737 1172 847 1255 figuris
869 1173 1078 1238 attribuentes
1099 1177 1303 1260 alphabetum

135 1275 259 1338 dictum
273 1276 391 1340 Beth-l
377 1277 452 1340 luis·
452 1276 527 1339 aion
543 1274 651 1361 (tetta
664 1277 823 1354 betula,l
821 1275 871 1340 uto
885 1277 1028 1342 stannus
1043 1291 1211 1358 montana,
1230 1281 1304 1344 aton

133 1379 279 1444 fraxinus
296 1390 358 1443 etc.
361 1383 375 1462 )
391 1382 604 1444 confecenmt.
632 1382 675 1444 In
689 1381 767 1444 haec
783 1391 890 1444 tamen
905 1382 1026 1446 latius
1016 1385 1186 1468 inquirere,
1203 1385 1303 1468 magis

134 1495 181 1548 est
194 1485 462 1569 palaeographise
477 1507 573 1569 quam
591 1485 823 1568 grammatices.

218 1589 385 1653 Sonorum
405 1600 470 1654 tam
490 1590 725 1654 hibernicorum
743 1611 839 1672 quam
859 1593 1112 1658 britannicorum
1126 1595 1304 1658 communis

133 1695 314 1780 proprietas
329 1717 367 1758 ea
381 1705 439 1772 est,
461 1695 578 1779 quode
593 1705 681 1758 statu
696 1695 875 1778 originario,
894 1698 949 1782 qui
964 1699 1087 1762 eruitur
1101 1700 1152 1762 vel
1167 1717 1184 1762 a
1200 1711 1303 1764 vetris·

137 1800 268 1866 tioribus
284 1799 503 1864 monumentis
519 1801 569 1864 vel
581 1800 814 1884 comparatione
825 1803 992 1886 utriusque
1003 1803 1132 1887 linguae
1144 1814 1210 1868 tam
1220 1805 1304 1870 inter

136 1925 167 1968 te
181 1927 280 1988 quam
297 1927 374 1968 cum
388 1905 507 1988 linguis
523 1905 683 1982 affinibus,
704 1907 908 1990 expelluntur
923 1909 959 1972 iu
974 1909 1066 1974 certis
1078 1910 1300 1994 positionibus,

137 2019 369 2094 transeuntque
389 2010 425 2073 in
445 2011 523 2074 alios
545 2032 655 2088 sonos,
680 2011 735 2094 qui
756 2023 832 2076 naut
852 2015 1031 2080 secundarii
1045 2025 1077 2080 et
1091 2015 1154 2078 dici
1169 2027 1305 2098 possunt

129 2115 174 2178 ‚ob
188 2114 404 2178 defectionem
418 2137 438 2178 a
452 2115 601 2199 primaria
614 2115 778 2200 genuitate
792 2119 958 2182 alterati
972 2120 1023 2183 vel
1040 2119 1194 2182 infecti.
1230 2121 1304 2189 Qua

137 2220 337 2296 evolutione,
361 2241 458 2303 quam
483 2241 542 2284 nos
569 2221 710 2284 dicemus
737 2221 1015 2302 infectionem,
1041 2235 1217 2308 tanguntur
1237 2236 1303 2288 tam

136 2325 275 2402 vocales,
303 2347 402 2407 quam
421 2347 594 2401 consonae,
619 2325 762 2408 quamvis
783 2328 840 2390 fiat
860 2327 983 2392 diverso
1003 2329 1097 2392 modo
1118 2330 1153 2392 in
1168 2340 1302 2414 utraque

137 2427 256 2511 lingua.
267 2431 478 2516 ¹Tanguntur
493 2441 600 2494 autem
614 2430 789 2514 plurimum
804 2452 1014 2498 consonarum
1029 2433 1144 2498 classes
1157 2437 1302 2518 (excepta

137 2553 200 2596 una
214 2533 455 2617 aspiraturum),
470 2537 613 2620 apprime
628 2545 750 2612 tenues,
765 2557 845 2618 quae
856 2539 896 2602 ab
907 2541 1018 2602 eadem
1029 2537 1222 2622 subiguntur
1235 2561 1302 2604 uon

138 2638 238 2701 solum
258 2639 297 2702 in
320 2639 424 2704 medio
439 2650 471 2703 et
485 2642 550 2703 fine
565 2661 695 2716 vocum,
720 2642 775 2703 sed
790 2641 886 2704 etiam
900 2642 935 2704 in
949 2642 1042 2706 initio
1057 2643 1252 2726 arripiuntur
1267 2645 1302 2708 in

139 2755 287 2808 contextu
307 2735 459 2807 sermonis
475 2747 651 2808 secundmn
664 2746 789 2808 easdem
800 2745 995 2828 positionum
1005 2747 1142 2829 regulas,
1157 2749 1301 2830 quamvis

139 2851 286 2913 accedant
304 2849 365 2912 hoc
379 2849 448 2912 loco
462 2849 605 2933 propriae
617 2850 771 2932 quaedam
782 2851 910 2932 regulae
921 2861 954 2912 et
964 2851 1150 2940 anomaliae.
1176 2853 1226 2915 De
1238 2875 1301 2936 qua

139 2951 309 3018 infectione
329 2976 540 3043 consonarum
560 2954 594 3016 in
611 2953 703 3017 initio
718 2976 832 3017 vocum
847 2975 921 3038 ergo
935 2953 1061 3038 proprio
1076 2954 1179 3037 capite
1193 2956 1299 3020 dicen-

139 3057 227 3134 dum,
251 3080 330 3122 cum
350 3070 425 3123 ante
445 3059 541 3124 fixerit
561 3057 681 3122 dictum
702 3059 741 3122 de
767 3059 852 3122 sonis
874 3057 1008 3142 singulis
1029 3075 1201 3142 eorumque
1221 3061 1300 3124 infe-

141 3161 240 3227 ctione
256 3163 447 3249 specialiter.

158 3336 345 3345 ---—-.---

141 3465 189 3520 qua
202 3469 229 3504 m
247 3453 317 3508 dura
337 3457 443 3506 servata
460 3457 553 3506 contra
570 3445 738 3506 communem
749 3449 878 3522 regulam,
893 3469 948 3506 non
960 3449 1067 3506 differre
1078 3453 1185 3507 videtur
1198 3455 1298 3509 cambr.

140 3532 200 3587 hod.
213 3538 248 3604 os
256 3537 289 3606 (p
302 3553 429 3600 excussa,
450 3553 476 3588 m
488 3535 588 3589 infecta
595 3575 602 3602 ,
616 3535 764 3590 secundum
775 3536 922 3606 regulam),
943 3537 1121 3603 elementum,
1141 3539 1214 3592 unde
1226 3540 1301 3594 varia

141 3617 264 3685 derivata,
279 3639 304 3675 e.
318 3639 361 3692 gr.
375 3619 430 3690 adj.
449 3619 509 3687 osus
523 3617 749 3692 (elementarius),
769 3621 853 3674 subet.
867 3621 951 3692 ‹ffydd
964 3621 1086 3692 (doctus,
1100 3623 1298 3694 philosophus),

140 3702 290 3770 osyddsbetd
310 3703 504 3776 (philosophia,
525 3704 658 3774 scientia).
684 3703 725 3757 Cf.
745 3711 772 3758 ct
788 3703 857 3774 geel.
877 3705 962 3760 subet.
982 3705 1102 3760 oidleeom
1116 3706 1162 3776 (dt
1178 3725 1228 3778 pro
1244 3709 1298 3778 pa.-

140 3785 212 3851 liber,
225 3788 372 3852 institutio,
386 3787 537 3858 tractatus),
551 3787 605 3859 adj.
620 3787 789 3844 oidheamacls
803 3788 929 3860 (idealis).

205 3871 218 3898 ⁸
233 3872 344 3942 Deque
357 3869 457 3924 videsis
474 3871 559 3942 prael.
573 3879 601 3924 et
625 3872 800 3944 appendicem
817 3873 898 3944 hujus
916 3875 1013 3946 operis.
1036 3875 1176 3940 Coelbren,
1195 3873 1300 3946 lignum

142 3956 296 4020 memoriae,
316 3963 348 4009 ut
364 3957 495 4024 evolsam,
515 3955 583 4026 lapis
602 3955 756 4010 memoriae.
780 3957 869 4028 Ligno
886 3957 1016 4028 quadrato
1029 3959 1126 4013 incisas
1139 3976 1197 4012 esse
1209 3959 1299 4014 literas

21 4035 23 4042 “
142 4038 259 4094 aBardis
272 4048 301 4095 et
311 4041 376 4094 inde
388 4057 486 4094 nomen
499 4041 610 4094 ductum
622 4039 757 4112 alphabeti
770 4041 861 4108 incisi,
882 4043 978 4098 asserit
989 4043 1115 4097 Owenus.
1144 4042 1196 4095 Sed
1209 4059 1300 4096 nonne

143 4122 218 4176 etiam
235 4125 356 4178 coelbrea
373 4142 471 4180 nomeu
489 4124 632 4196 singularis
649 4125 757 4192 literae,
776 4127 796 4180 i.
810 4145 834 4182 e.
847 4145 951 4192 ramus,
964 4125 1077 4180 baculus
1088 4125 1248 4189 memoriae,
1270 4133 1301 4178 ut

143 4219 220 4271 genn
235 4207 362 4262 mittat
376 4209 496 4280 (bacidus
508 4208 602 4279 libri)P
