3184 5078
280 395 320 457 88
519 393 549 455 I.
577 399 605 455 1.
651 411 820 456 consonae
836 409 1042 454 rrmnnrucan
1056 409 1196 454 renone.

279 561 380 646 aquilo
396 559 518 644 (ictus),
533 569 626 624 necrt
639 560 786 642 (virtus),
804 579 893 621 marc
908 559 1047 641 (equus),
1067 556 1149 620 seire
1164 558 1297 639 (amor),
1315 555 1439 618 hibern.

279 665 434 740 mutator,
462 663 543 746 gael.
572 662 732 726 mainntcr
757 662 936 746 (familia),
965 661 1089 726 hibern.
1118 671 1208 738 aaut,
1236 660 1318 744 gaal.
1347 668 1443 724 scunt

282 768 453 852 (avaritia).
477 780 482 788 '
1557 833 1558 838 ,

368 873 400 955 b)
422 873 522 936 Extra
540 871 730 956 positionem
750 881 902 935 consuete
922 882 971 934 est
991 869 1172 947 destimtio‚
1197 870 1263 934 sive
1285 871 1403 934 excidit
1423 892 1444 934 n
1557 867 1558 938 l

283 987 356 1041 ante
373 987 484 1040 tenues
503 975 569 1039 sive
583 999 649 1040 non
664 975 797 1039 excidit:
821 977 922 1040 cador
938 978 1015 1058 (vet.
1034 984 1120 1052 ator,
1138 975 1252 1060 inter),
1271 977 1352 1040 caud
1364 977 1442 1057 (vet.

283 1085 340 1159 oet,
358 1083 501 1162 centum)
509 1127 520 1156 ‚
538 1080 624 1143 deod
642 1081 699 1160 (-
712 1081 779 1156 dat,
797 1081 907 1163 dens),
927 1083 964 1163 ὁρ
980 1079 1154 1164 (juvenis),
1173 1081 1243 1164 calip
1256 1079 1443 1164 (quinque);

276 1187 404 1271 puduit,
415 1185 535 1266 pubal!
547 1183 749 1265 (tentorium3
767 1193 830 1245 vet.
841 1185 991 1266 pupall),
998 1185 1115 1266 poball
1127 1186 1304 1268 (populus),
1319 1183 1447 1268 abqidir
1558 1211 1559 1270 ᾗ

285 1293 362 1373 (vet.
380 1288 516 1372 oppilo,
534 1287 772 1370 alphabetum),
790 1287 924 1351 contidit
936 1288 1152 1372 (capitulum),
1172 1288 1351 1352 ercideamh
1367 1292 1444 1369 (vet.
1558 1273 1559 1276 Ἴ

285 1404 416 1470 aretem,
434 1395 526 1476 fides)
534 1439 544 1468 ,
563 1415 641 1475 aquo
662 1394 724 1474 (et;
742 1402 806 1454 vet.
823 1415 910 1469 amco,
928 1395 1026 1476 ocrea),
1044 1393 1153 1476 mayel
1165 1395 1242 1475 (vet.
1259 1393 1382 1470 mocon,
1400 1393 1445 1476 gl.

286 1499 415 1582 subtel),
430 1505 542 1582 saqcrt
556 1497 739 1579 (sacerdos),
758 1495 830 1579 ἰθέῃ,
850 1497 948 1580 leiyid
962 1497 1154 1581 (permittere
1161 1521 1171 1574 3
1185 1507 1249 1560 vet.
1268 1497 1352 1581 tto),
1367 1499 1447 1580 deuo

287 1605 441 1686 (decem),
463 1605 529 1685 pdy
551 1601 709 1681 (osculum
716 1625 726 1677 3
749 1613 813 1664 vet.
837 1602 903 1684 bec)
913 1650 924 1679 ‚
942 1601 1079 1684 scobboq
1099 1601 1210 1682 (falco3
1233 1612 1297 1665 vet.
1314 1602 1446 1684 aobocc).

287 1709 409 1771 Eodem
423 1707 516 1768 modo
531 1705 566 1767 in
581 1703 828 1768 derivationibus
844 1707 910 1770 -ad
912 1755 922 1783 ‚
937 1708 1000 1770 -ed
1012 1717 1090 1769 etc.:
1114 1705 1236 1768 carbad
1249 1709 1305 1788 (=
1319 1727 1449 1790 carpen-

288 1815 383 1894 tum),
402 1809 530 1892 airqiod
543 1811 600 1890 (z
614 1813 807 1892 argentum),
823 1810 960 1894 fiedead
973 1813 1049 1892 (vet.
1062 1809 1177 1894 fiebat,
1195 1810 1336 1893 viginti),
1355 1823 1450 1894 atque
1559 1857 1560 1908 ᾗ

287 1916 323 1980 in
346 1913 535 1978 flexionibus
557 1915 723 1976 verborum
747 1917 826 1992 -ad,
845 1915 919 1993 dd,
938 1916 1039 1980 -adcr
1062 1917 1138 1996 (vet.
1156 1925 1227 1991 -at,
1246 1915 1309 1992 -it,
1328 1919 1447 1997 -atcr).
1559 1953 1560 1972 .

288 2018 484 2084 Destituitur
513 2028 527 2082 t
552 2017 748 2102 pronominis
777 2019 885 2082 suffixi
906 2019 1078 2104 pmsonalis
1100 2029 1133 2082 et
1154 2019 1247 2082 infixi
1267 2019 1448 2104 possessivi,

289 2124 450 2189 hibernice
464 2134 497 2186 et
510 2123 645 2206 gaelice:
668 2125 756 2206 epod
768 2126 868 2208 (apud
883 2127 945 2207 te),
963 2125 1046 2187 asad
1059 2125 1090 2204 (e
1106 2127 1150 2206 te)
1159 2171 1169 2200 ,
1187 2123 1323 2201 bened,
1342 2123 1453 2188 cnm

290 2231 339 2311 (in
355 2232 418 2312 te),
436 2229 535 2292 amad
549 2228 646 2308 (circa
660 2231 721 2310 te),
741 2229 827 2312 fild,
842 2227 978 2313 sodbad
991 2229 1065 2309 (sub
1082 2231 1126 2309 te)
1142 2238 1223 2303 etc.;
1241 2229 1283 2291 od
1302 2227 1404 2291 etima
1419 2230 1452 2308 (a

289 2357 388 2400 manu
401 2344 475 2408 tua3
490 2342 554 2396 vet.
569 2331 703 2414 cultim),
717 2334 798 2395 read
808 2331 907 2396 ldimh
919 2333 1008 2412 (ante
1018 2353 1150 2395 manum
1164 2335 1276 2414 trram).
1302 2332 1368 2395 Sed
1378 2353 1451 2396 con-
1559 2383 1561 2432 l

290 2449 353 2503 tra:
373 2438 437 2502 leat
451 2438 551 2520 (apud
565 2439 621 2518 te),
636 2436 705 2499 uait
720 2439 753 2518 (a
768 2439 825 2520 te),
840 2436 907 2500 dioc
921 2437 973 2517 (de
989 2438 1045 2518 te),
1060 2435 1132 2500 doit
1142 2437 1197 2517 (ad
1213 2439 1269 2518 te),
1282 2436 1357 2512 rici,
1371 2436 1449 2512 citat,

290 2546 379 2624 (ante
401 2545 445 2624 te)
461 2551 542 2616 etc.;
566 2542 606 2604 do
627 2541 742 2604 dadan
763 2540 944 2622 (adfaciem
966 2543 1089 2622 trram),
1108 2540 1147 2602 do
1175 2538 1298 2624 tsda'qlte
1313 2539 1368 2620 (ad
1383 2561 1453 2623 pro·

289 2648 421 2732 phetam
441 2658 550 2721 tuum3
574 2655 587 2709 t
606 2655 680 2708 ante
695 2644 818 2708 vocales
841 2655 873 2707 et
886 2646 943 2728 s).
978 2642 1191 2726 Excipiuntur
1205 2655 1238 2708 et
1253 2665 1344 2706 voces
1359 2665 1452 2728 quae·

290 2755 375 2828 dam,
391 2751 457 2814 sive
472 2751 512 2814 ob
526 2747 773 2833 geminationem
789 2749 936 2812 tenuium
955 2748 1021 2812 sive
1035 2749 1075 2810 ob
1092 2748 1233 2812 vocalem
1247 2750 1450 2832 productam:

290 2880 361 2920 mac
377 2855 503 2939 (filius),
521 2876 605 2931 creec,
624 2857 740 2918 cncede
756 2853 874 2935 (collis,
892 2853 1082 2934 colliculus),
1097 2852 1164 2916 leac
1179 2852 1298 2938 (lepis),
1316 2854 1365 2918 t'oo
1380 2851 1453 2933 (sal-

290 2983 374 3040 vare,
392 2963 529 3042 sanare),
536 2957 659 3042 fiocce'l
671 2959 777 3040 (dens)
792 2967 853 3020 etc.

756 3246 982 3330 Aspiratae.

381 3439 430 3540 Φ
452 3439 496 3542 Θ
517 3443 576 3546 X.
622 3470 731 3534 Liceat
758 3469 972 3554 singularibus
999 3470 1098 3554 signis
1125 3469 1309 3552 designare,
1338 3491 1413 3554 ergo
1437 3493 1454 3532 e

291 3605 403 3666 graeca
417 3582 529 3666 lingua
543 3579 667 3666 petitis,
686 3603 759 3645 cum
779 3581 814 3644 in
835 3581 945 3644 ceteris
961 3581 1079 3664 lingum
1095 3603 1161 3644 non
1176 3581 1219 3644 sit
1231 3603 1289 3665 pro
1304 3601 1454 3664 quacum·

291 3709 352 3771 que
375 3687 513 3772 aspirata
537 3685 633 3750 etiam
648 3685 808 3768 singulare
823 3685 951 3768 signum
965 3695 999 3748 et
1013 3707 1079 3748 non
1094 3685 1315 3768 compositum.
1348 3685 1390 3748 In
1405 3705 1455 3746 ve·

291 3791 385 3855 tostis
400 3791 584 3855 nominibus
599 3789 721 3872 gallicis
736 3787 868 3852 indubia
883 3799 931 3853 cst
946 3789 1084 3872 aspirata
1098 3789 1222 3853 labialis
1241 3793 1282 3868 Φ,
1299 3791 1327 3852 F
1342 3789 1453 3874 (PH);

289 3895 461 3980 incipiens:
489 3895 670 3957 Focunates
693 3896 780 3976 (pop.
799 3893 948 3976 raeticus)
965 3893 1051 3956 Plin.
1072 3899 1111 3969 3,
1131 3897 1182 3955 20.
1208 3893 1302 3956 Arria
1316 3893 1454 3968 Fadilla

289 4000 378 4062 Julia
401 3999 529 4063 Fadilla
551 3998 666 4072 (mater
686 4007 718 4060 et
739 4019 826 4060 soror
839 3997 997 4061 Antonini
1019 3997 1087 4073 Pii,
1112 3997 1237 4079 generis
1258 3997 1457 4060 Nemausen-

290 4105 347 4186 sis)
363 4101 536 4187 capitolin.
554 4101 711 4164 Antonin.
730 4101 769 4164 P.
787 4123 815 4164 c.
837 4109 865 4164 1.
897 4103 939 4164 In
960 4099 1078 4164 chartis
1102 4111 1134 4163 et
1153 4099 1240 4164 libris
1255 4101 1354 4164 medii
1368 4100 1454 4164 aevi:

290 4209 366 4271 villa
388 4205 565 4283 Fornolus,
589 4205 667 4289 dipl.
685 4227 715 4268 a.
735 4211 796 4268 632
812 4227 864 4288 up.
884 4205 1008 4268 Mabill.
1027 4205 1105 4289 dipl.
1128 4226 1161 4288 p.
1181 4211 1255 4268 tot.
1281 4205 1358 4268 villa
1378 4224 1456 4288 quae

290 4312 406 4375 dicitur
427 4309 607 4393 Felgeriaa,
630 4309 709 4394 dipl.
727 4331 756 4372 a.
776 4315 837 4372 998
853 4330 905 4393 ap.
924 4309 1049 4372 Mabill.
1067 4332 1100 4393 p.
1120 4317 1193 4372 579.
1211 4330 1314 4392 pagus
1338 4305 1456 4372 Fulmi-
1557 4374 1562 4384 ,

290 4413 398 4478 neruis
419 4415 475 4492 (ul.
499 4413 689 4490 Falmenna,
713 4413 807 4477 hodie
830 4413 985 4490 Fambne,
1008 4412 1095 4496 regio
1117 4415 1157 4477 ad
1177 4415 1386 4476 Arduennam
1406 4409 1454 4474 sil·
