3186 5094
380 397 409 458 I.
440 404 467 458 1Ι
514 417 655 462 vocares
671 419 878 466 uranaurcau
894 425 1029 470 suavus.
1250 417 1289 478 13

10 585 12 606 ¹
117 563 183 626 loco
197 563 354 646 leguntur
366 565 465 628 ctiam
479 565 597 630 formae
612 567 771 633 doitttttd
780 571 936 654 (figulus),
951 585 983 637 et
996 577 1165 641 rodndolbi
1178 582 1288 662 (finxit

10 657 11 706 l
116 667 159 746 id,
176 674 260 752 vas).
293 671 389 734 Duco
404 671 469 734 huc
483 671 579 735 etiam
594 673 658 755 adj.
675 685 708 736 et
722 675 822 738 subst.
832 677 937 759 solus,
947 680 1056 762 sollus
1072 685 1282 768 (perspicuus,

115 775 237 852 clarus,
263 776 455 859 claritudo),
481 777 566 859 quod
583 777 651 860 jam
666 789 771 842 exstat
784 779 819 842 in
834 783 967 846 vetustis
982 786 1164 852 nominibus
1187 791 1251 854 Vol
1271 829 1283 840 ·

114 879 198 956 11111,
227 882 441 957 Volusianus,
467 881 603 944 cradice
608 883 681 966 fell
693 883 813 964 (videre
819 909 828 959 3
848 885 923 949 Wb.
945 893 992 951 7¹:
1016 893 1210 959 utdubclliud
1226 919 1283 980 pro

113 976 334 1067 udubselliub,
358 986 473 1050 videbo
492 1008 547 1050 vos
558 1011 568 1062 3
590 988 707 1051 cambr.
723 989 866 1072 unslet),
884 1013 943 1054 nec
964 1013 1030 1056 non
1043 996 1198 1082 soiryque
1222 1002 1280 1084 (gl.

113 1089 238 1166 Thetis,
256 1091 280 1152 i.
299 1113 327 1154 e.
347 1093 498 1174 oceanus)
516 1092 570 1175 Sg.
592 1098 681 1168 124¹,
700 1094 955 1180 eradiceferw,
971 1099 1070 1182 serq,
1089 1102 1141 1163 cui
1162 1103 1282 1186 signifi·

113 1195 194 1258 catio
209 1195 375 1272 motionis,
389 1195 573 1280 agitationis
588 1199 797 1281 supponenda
812 1199 881 1274 erit,
896 1221 989 1283 equa
1004 1213 1036 1265 et
1051 1206 1279 1291 nominaferc‚

103 1301 198 1384 scrce
214 1299 277 1381 (ira
286 1323 296 1375 ;
321 1333 366 1353 =
377 1301 497 1385 serpo,
512 1303 605 1386 serp,
623 1303 663 1366 cf.
688 1305 749 1366 sub
763 1303 809 1385 G)
826 1304 901 1366 Wb.
918 1302 982 1382 22l',
999 1307 1138 1390 feroaclt
1154 1311 1281 1396 (iratus)

112 1404 254 1468 11111ι
274 1402 330 1467 22d
346 1406 401 1488 (cs.
422 1399 635 1492 Οὐεργίουιος
653 1400 798 1484 ὠκεανὸς
812 1430 864 1492 ap.
883 1410 968 1473 Ptol.
989 1416 1018 1488 2,
1041 1421 1068 1474 1.
1088 1420 1123 1490 23
1143 1421 1174 1492 8,
1194 1424 1211 1478 3
1228 1417 1277 1480 ed.

110 1511 291 1593 Wilbcrg„
313 1533 451 1594 magnus
471 1533 607 1576 oceanus
627 1536 646 1575 a
665 1512 795 1576 meridie
816 1515 941 1578 insulae
956 1517 1155 1601 Hiberniae).
1189 1523 1280 1590 Quae

109 1616 248 1679 mutatio
263 1617 300 1678 in
314 1639 332 1678 o
346 1617 402 1680 vix
415 1617 622 1680 adscribenda
636 1627 685 1679 est
699 1617 845 1701 sequenti
860 1641 881 1681 u
889 1667 899 1696 ,
917 1621 1004 1684 utin
1018 1623 1146 1701 doldud,
1155 1627 1275 1711 sollus,

108 1741 182 1784 cum
193 1722 296 1784 ctiam
308 1733 382 1784 ante
393 1722 472 1784 alias
484 1723 606 1786 vocales
618 1722 770 1800 obtineat,
786 1735 823 1786 ut
833 1724 868 1786 in
879 1727 1056 1804 rodndoldi‚
1061 1730 1185 1814 foirqe,
1195 1731 1277 1815 jam·

108 1849 169 1909 quc
183 1826 220 1889 in
237 1838 366 1891 vetusto
381 1815 511 1890 nomin'e
525 1827 704 1890 Rhodanus
712 1875 722 1904 ‚
746 1827 902 1911 siquidem
912 1830 1116 1914 jungendum
1130 1847 1179 1900 est
1193 1838 1277 1900 voci·

106 1935 165 1996 bus
186 1931 269 1996 item
290 1933 426 1995 vetustis
449 1932 571 2015 gallicis
592 1933 765 1996 Rhedones
781 1935 891 2010 Caes,
917 1936 1084 2018 Eporedici
1100 1939 1136 2021 (i.
1154 1963 1183 2003 e.
1201 1943 1277 2006 boni

105 2059 265 2120 equorum
279 2037 461 2114 domitores,
480 2037 565 2101 Plin.
585 2045 615 2114 3,
637 2041 701 2119 17),
719 2039 817 2102 rheda
832 2041 981 2124 (currus).
1326 2045 1329 2052 ’

190 2142 387 2205 Mutationis
409 2153 568 2226 correptae
588 2165 606 2204 a
625 2142 661 2205 in
682 2145 868 2227 productam
890 2166 910 2206 a
927 2147 1110 2230 exemplum
1129 2162 1275 2233 apertum

106 2259 153 2311 est
167 2249 274 2311 subst.
293 2247 385 2310 brdtlt
401 2246 583 2330 Gudicium)
598 2248 634 2311 in
648 2249 724 2312 Wb.
742 2248 868 2331 saepius
886 2249 1014 2314 obvium
1030 2251 1127 2334 ,juxta
1141 2255 1275 2320 fonnem

105 2353 212 2429 bretll,
239 2351 439 2435 quodetiam
460 2353 537 2415 alias
559 2363 681 2429 exstat,
706 2373 734 2416 e.
751 2375 799 2436 gr.
818 2354 922 2418 adhuc
936 2355 971 2418 in
986 2356 1138 2422 hodierno
1153 2363 1271 2424 cumbr.

104 2457 218 2521 samu
233 2461 293 2540 (=-.
308 2459 404 2538 sat),
422 2457 527 2520 forsan
537 2457 605 2540 jam
620 2458 655 2520 in
669 2458 803 2522 vennas
818 2460 1000 2524 nominibus
1015 2463 1137 2545 81111111
1152 2441 1272 2530 uratis-

101 2563 273 2647 pantium,
293 2562 540 2626 Mandubratius
555 2563 641 2646 apud
656 2563 761 2638 Caes,
780 2563 975 2628 Oasibratius
990 2567 1140 2652 inscript.
1159 2571 1268 2651 (Grut.

103 2675 178 2745 869,
199 2673 247 2748 7).
279 2669 350 2730 Nec
371 2667 480 2750 negari
499 2667 615 2751 poterit
635 2667 770 2732 mutatio
785 2681 945 2752 correptae
960 2693 977 2732 e
991 2670 1026 2732 in
1039 2674 1226 2754 productam
1240 2697 1268 2752 e,

102 2774 128 2836 si
150 2775 186 2836 in
205 2772 327 2836 nostris
342 2773 476 2836 vetustis
498 2771 658 2834 codicibus
680 2793 745 2834 non
761 2773 865 2836 solum
879 2773 1014 2856 legimus
1030 2776 1163 2840 sormam
1177 2800 1267 2844 num.

100 2879 193 2941 dact
210 2873 342 2960 (δέκα),
365 2879 422 2940 scd
443 2877 538 2940 etiam
553 2875 738 2960 scriptiones
754 2877 824 2953 duic,
846 2879 936 2953 ddec,
962 2880 1040 2942 decc
1055 2883 1118 2960 (=
1132 2882 1207 2956 dem
1230 2885 1270 2946 de

101 3006 161 3046 usu
178 2984 351 3065 utriusque
365 2983 483 3046 formae
498 2981 581 3044 infra
595 2981 629 3042 in
641 2981 743 3063 capite
755 2983 794 3044 da
805 2981 1048 3064 numeralibus),
1063 2995 1095 3047 et
1106 2985 1134 3047 si
1144 2996 1270 3052 vetusta

100 3110 160 3151 vox
175 3089 298 3172 gallica
318 3087 419 3152 rheda
434 3089 576 3169 (curum
601 3085 641 3148 cs.
660 3086 890 3168 eproductam)
900 3086 1067 3169 jungenda
1082 3099 1154 3166 ests
1172 3101 1210 3154 ut
1223 3093 1268 3156 vi-

99 3195 192 3257 detur
197 3241 209 3270 ,
228 3192 331 3256 rudici
346 3201 463 3256 vetust.
480 3191 605 3254 hibern.
623 3189 694 3254 retlt
709 3192 851 3270 (cursus,
874 3190 1049 3274 currere).*
1078 3195 1268 3262 Mutationis
1307 3183 1313 3196 ⁶

164 3463 178 3490 ⁸
196 3463 223 3516 E
242 3461 336 3515 radice
353 3462 458 3515 hibern.
473 3468 527 3515 vat.
546 3463 620 3526 reth,
640 3477 720 3530 quam
738 3459 801 3514 licet
817 3461 944 3515 reducere
961 3463 996 3516 ad
1012 3461 1110 3516 formas
1127 3464 1266 3534 primarias

98 3548 145 3599 red
160 3555 188 3600 et
205 3553 252 3599 ret
265 3546 311 3616 (cf.
332 3547 402 3600 inira
413 3565 523 3600 concon.
537 3547 639 3600 medias
651 3545 769 3616 hibern.)
783 3563 837 3598 non
850 3553 922 3598 certo
935 3553 1009 3616 patet
1021 3563 1138 3600 consona
1150 3547 1266 3617 origina-

97 3631 150 3694 ria,
165 3649 235 3684 num
248 3631 314 3683 dan
328 3637 347 3683 t.
372 3631 426 3684 Sed
438 3631 561 3685 hodiem.
576 3631 675 3684 cambr.
689 3631 772 3683 rltcdu
786 3630 930 3700 (currere),
945 3647 1000 3682 uon
1012 3631 1121 3694 1111111111,
1135 3637 1266 3683 monstrat

97 3715 273 3786 originariam
288 3721 312 3778 l,
333 3733 449 3785 quocum
466 3716 611 3768 concordat
629 3715 710 3768 stiam
733 3731 830 3767 armor.
851 3721 894 3767 ret
911 3715 1024 3785 (cursus)
1046 3715 1215 3778 Bubetios,
1237 3717 1263 3767 8.

97 3799 258 3854 Notandum
277 3809 369 3852 tamen
388 3808 481 3852 contra
499 3800 564 3864 hoc,
586 3799 707 3854 obtinere
725 3799 874 3852 britannice
892 3798 1027 3850 interdum
1046 3797 1223 3850 differentiam
1235 3797 1265 3850 in

97 3885 225 3952 gadum
247 3901 427 3936 consonarum
442 3883 487 3953 (dc
499 3901 552 3954 qua
563 3883 654 3953 infra).
680 3883 755 3936 Inter
767 3882 876 3935 nomina
889 3881 985 3951 gallica
996 3881 1150 3934 Vindobon.
1164 3881 1263 3934 codicis

96 3985 147 4020 rec.
162 3973 195 4022 99
210 3968 376 4040 (Endlicher
387 3967 501 4038 catalog.
516 3967 595 4020 codd.
609 3967 703 4038 philol.
718 3985 745 4037 p.
761 3967 819 4035 199)
834 3967 868 4019 de
879 3967 987 4019 nomine
999 3965 1074 4018 fluvii
1086 3963 1214 4016 Rhodani
1226 3964 1263 4016 le·

96 4063 196 4122 guntur
208 4055 326 4107 haecce:
347 4053 429 4105 “roth
442 4051 599 4115 violentum,
612 4051 747 4104 donatia
760 4049 856 4120 gallico
869 4057 897 4102 et
907 4050 936 4102 in
949 4050 1048 4102 hebreo
1057 4048 1186 4118 judicem.
1200 4047 1262 4100 ideo

96 4140 231 4194 hrodanus
245 4138 336 4208 judex
355 4136 516 4190 violentus.”
541 4135 665 4188 Nominis
678 4134 804 4188 Rhodani
822 4134 924 4204 syllaba
935 4163 946 4172 -
958 4149 993 4184 an
1010 4131 1104 4202 procul
1120 4130 1203 4182 dubio
1216 4131 1262 4184 de·

96 4223 181 4278 rivaus
193 4233 251 4288 ost,
272 4230 302 4275 et
313 4222 349 4274 de
356 4221 449 4290 judice
462 4237 526 4289 crgo
538 4219 607 4272 nibil
618 4220 663 4272 hic
675 4219 856 4289 quaerendum
866 4241 872 4282 ;
893 4215 1052 4285 significatio
1065 4223 1154 4266 tamen
1167 4215 1262 4268 violen-

97 4313 135 4360 aa
148 4310 288 4377 (mens,
304 4303 426 4376 rapidus)
441 4321 500 4356 non
508 4303 706 4374 impugnanda,
727 4320 787 4356 cum
800 4300 891 4354 etalio
903 4317 958 4352 non
970 4298 1039 4350 mule
1051 4297 1219 4368 prolerantur
1231 4299 1260 4354 in

96 4391 134 4444 his
159 4393 273 4446 1111111111
300 4389 411 4443 notatis.
444 4389 481 4442 Ut
503 4388 639 4453 violentus,
666 4387 776 4456 rapidus
796 4385 945 4437 Rhodanus
971 4381 1016 4451 (de
1039 4383 1097 4452 ejus
1114 4382 1260 4453 rapacitate

95 4475 143 4530 loci
159 4477 259 4548 poetici
272 4475 326 4530 sub
338 4475 363 4528 0
376 4474 521 4544 correpta),
532 4473 620 4527 dictus
630 4471 711 4526 fuerit
717 4469 841 4540 ptumum
850 4469 919 4522 Arar
932 4465 1025 4536 (“liuit
1033 4465 1185 4522 incredibili
1193 4467 1259 4522 leni·
