3242 5080
275 397 336 456 332
431 397 477 458 ll.
501 402 531 456 4.
578 399 1052 460 rnou.n1nasu.raasoua1.n
1066 415 1276 460 nnsonuruu.

273 575 306 625 et
331 563 539 640 substantiva,
566 564 649 628 inter
674 563 845 647 particulas
870 575 903 626 et
927 565 1032 639 verbe,
1055 563 1090 626 in
1115 562 1220 626 medio
1245 562 1434 645 infigantur,

272 669 379 744 etiam,
397 669 424 732 si
447 680 523 732 sunt
544 669 732 753 personalia,
750 680 822 753 post
842 668 1090 753 praepositiones
1112 668 1316 751 suffigantur.
1350 667 1436 730 Sunt

273 773 381 856 itaque
406 774 595 857 pronomina
626 774 865 858 personalia
891 774 941 836 vel
966 773 1177 850 absoluta,
1209 773 1260 835 vel
1286 771 1434 847 infixa,

272 879 321 941 vel
348 879 522 954 suffixa;
556 880 798 963 possessiva
823 889 856 942 et
881 877 1062 941 relativa
1088 889 1145 942 aut
1170 878 1353 942 absoluta
1377 889 1438 940 aut

271 983 417 1046 infixa.
442 984 782 1048 Demonstrativa
800 983 999 1068 pronomina,
1016 983 1321 1066 interrogativa
1340 993 1437 1065 etque

271 1088 482 1171 adjectiva
507 1100 540 1152 et
564 1089 840 1164 substantiva,
870 1109 951 1171 quas
983 1089 1112 1170 quidem
1142 1088 1340 1174 pronominis
1366 1087 1435 1150 viee

270 1193 460 1276 timgsmtur,
478 1194 607 1258 nonnisi
618 1195 762 1258 absolute
776 1205 950 1278 ponuntur.
971 1194 1183 1258 'Pmnominis
1197 1193 1372 1277 personalis
1386 1215 1435 1256 re-

269 1297 375 1360 flexivi
390 1320 456 1363 non
471 1309 519 1362 est
532 1299 659 1383 propria
673 1301 773 1364 forma
787 1299 909 1363 celtica.

355 1403 558 1467 Comitantur
579 1403 760 1488 saepissime
782 1404 816 1467 in
831 1415 965 1488 utraque
979 1426 1104 1488 quoque
1119 1404 1231 1487 lingua
1244 1403 1435 1487 pronomina

268 1508 448 1592 personalia
468 1520 500 1572 et
519 1511 696 1592 possessiva
716 1510 757 1572 ad
770 1509 921 1592 majorem
936 1509 1102 1592 emphasin
1117 1508 1277 1592 primitus,
1295 1519 1332 1571 ut
1346 1509 1433 1572 vide·

270 1627 332 1690 tur,
352 1615 447 1696 idque
468 1625 537 1677 tam
555 1615 699 1678 absoluta
718 1635 814 1696 quam
829 1613 929 1678 infixe
944 1615 995 1677 vel
1009 1615 1136 1691 suffixa,
1153 1625 1248 1678 notae
1262 1615 1429 1697 quaedam,

268 1729 354 1781 ortae
383 1719 569 1802 plerumque
590 1741 629 1782 ex
651 1719 728 1802 ipsis
750 1719 1007 1802 pronominibus,
1031 1741 1109 1804 quas
1133 1719 1236 1783 disere
1257 1719 1432 1802 poterimus

268 1833 360 1886 notas
382 1823 571 1907 ampliantes
593 1825 644 1887 vel
666 1835 837 1906 augentem
863 1835 958 1908 atque
979 1823 1168 1910 pronomina
1182 1823 1261 1908 ipsa,
1279 1823 1307 1887 si
1322 1845 1432 1888 oecur-

266 1938 343 1990 runt
363 1927 413 1990 vel
440 1928 508 1992 sine
528 1929 579 1993 his
601 1930 691 2000 notis,
708 1931 757 1992 vel
779 1951 852 1992 eum
873 1929 1004 2007 iisdem,
1028 1941 1105 1994 sunt
1124 1941 1181 1994 aut
1202 1930 1319 1993 formae
1341 1930 1431 1992 sim·

265 2033 394 2116 plicis
410 2035 934 2118 autauctaevelampliatae.
967 2035 1150 2098 Britannice
1165 2046 1288 2118 praeter
1303 2043 1429 2098 aucum

265 2149 314 2200 est
328 2137 423 2202 etiam
437 2138 616 2222 emphatica
630 2139 756 2223 propria
770 2140 871 2204 forma
886 2140 1111 2224 personalium.

809 2397 964 2406 .-—.--—·

470 2617 503 2686 Ι.
558 2618 873 2694 Pronomina
910 2617 1211 2694 hibernica.

554 2817 595 2879 A.
629 2819 864 2882 Pronomina
887 2817 1129 2904 personalia.

510 3003 538 3063 Ι.
592 3001 786 3066 Pronomina
811 3005 988 3087 personalia
1014 3005 1169 3067 absoluta.

348 3194 376 3250 1.
423 3189 652 3251 Pronomen
677 3187 834 3270 primae
853 3209 1067 3273 personae.
1115 3187 1205 3271 Sing.
1232 3167 1316 3250 ME:
1346 3186 1426 3250 unte

259 3293 405 3373 anapstal
416 3291 521 3376 qeiate
536 3293 593 3375 (gl.
612 3313 670 3376 ego
685 3313 758 3356 sum
771 3293 916 3376 gentium
931 3293 1107 3376 apostolus)
1124 3293 1199 3356 Wb.
1219 3288 1262 3354 5⁵.
1287 3312 1351 3355 um.
1370 3291 1428 3354 bid

259 3415 308 3456 me
319 3395 397 3478 se'r'n
412 3398 579 3480 (tanquam
593 3419 651 3480 ego
672 3397 740 3479 ipse
755 3399 869 3480 essem)
887 3403 950 3461 32⁸.
974 3397 1012 3461 πί
1024 3399 1073 3460 me
1087 3397 1178 3460 ashes
1194 3397 1251 3480 (31.
1270 3395 1342 3459 vivo
1356 3417 1424 3458 non

258 3503 330 3582 ego)
351 3505 411 3562 19¹.
444 3503 507 3582 (De
528 3502 762 3566 constructione
783 3503 986 3587 impersonali
1007 3502 1122 3566 videsis
1143 3501 1177 3564 in
1200 3503 1294 3565 verbo
1316 3502 1420 3565 subst.

257 3613 290 3665 et
304 3605 456 3688 syntaxi).

343 3711 429 3773 Nota
449 3733 569 3795 augens
593 3713 658 3789 SA,
683 3723 720 3776 ut
734 3712 855 3796 patebit
875 3735 915 3776 ex
927 3713 1017 3778 “infra
1038 3711 1245 3794 sequentibus
1268 3711 1424 3796 exemplis

256 3816 451 3898 pronominis
473 3817 565 3880 infixi
580 3817 630 3881 vel
645 3818 765 3894 suffixi,
783 3817 835 3880 hio
851 3827 957 3880 tamen
973 3819 1051 3894 -SE,
1070 3818 1162 3881 ·SSE
1177 3818 1217 3880 ob
1232 3817 1422 3900 praeceden-

256 3931 321 3984 tem
335 3922 475 3985 vocalem
489 3945 516 4000 e,
530 3944 587 4005 pro
602 3933 712 4005 quaet
726 3922 757 3985 ei
770 3925 805 3984 in
819 3921 878 3986 hae
889 3921 1130 4006 compositione:
1148 3921 1257 3984 rohtar
1267 3920 1313 3984 <lis
1326 3919 1423 4005 teqliy

255 4025 410 4090 nieumme
432 4035 463 4090 et
483 4049 582 4090 messe
598 4029 742 4110 (suerunt
764 4027 1006 4103 confamiliares,
1025 4049 1090 4090 non
1105 4027 1190 4090 idem
1205 4037 1238 4090 et
1252 4029 1325 4109 ego)
1341 4026 1419 4090 Wb.

257 4126 299 4193 7⁵.
323 4132 398 4195 euni
417 4153 516 4196 messe
537 4133 754 4218 immoforlr'ap
777 4133 887 4197 eretim
907 4132 1014 4198 duibsr'
1027 4135 1149 4214 (annon
1170 4153 1229 4214 ego
1248 4131 1307 4194 feei
1322 4133 1422 4194 fidem

254 4235 455 4317 venientu.
480 4238 607 4302 ismesee
632 4239 840 4322 rophror'deeh
870 4237 941 4302 doit
970 4239 1042 4320 (ego
1069 4235 1248 4320 praedicavi
1276 4236 1419 4318 eis)10⁸.

253 4339 329 4424 nifil
346 4341 430 4404 nsok·
445 4343 514 4406 aad
532 4345 738 4408 oeotadrudeo
761 4344 836 4408 aelst
856 4343 968 4407 mer'sse
988 4342 1114 4406 moinur
1136 4342 1194 4426 (31.
1212 4363 1271 4426 ego
1290 4341 1423 4406 relictus

253 4465 324 4506 snm
340 4446 440 4528 solus)
458 4453 499 4509 5¹.
523 4447 635 4511 mer‘ese
659 4457 674 4508 7
699 4447 860 4512 ehos'rbbre
876 4451 948 4530 (ego
971 4459 1004 4512 et
1018 4447 1163 4528 Coirbre)
1180 4449 1235 4530 Sg.
1252 4446 1297 4528 31.
1316 4467 1419 4530 marg.
