3204 5084
290 401 424 460 XLVIII
772 413 974 457 rmnrnrro.
1089 389 1093 398 '

290 569 440 642 matices
457 565 682 660 analogiam,
712 590 745 638 c.
774 589 829 660 gr.
858 565 1096 660 separationis
1119 565 1379 659 pronominum
1405 566 1463 638 in-

290 689 450 759 fixorum
476 711 561 756 cum
584 683 775 779 particulis
791 685 1096 778 praecedentibus
1121 709 1143 755 a
1160 683 1281 756 verbis
1298 683 1358 756 vel
1375 687 1461 756 sub-

289 805 457 878 stantivis
482 804 738 895 sequentibus,
783 825 878 894 quae
903 803 1009 875 solita
1042 813 1097 874 est
1126 803 1166 874 in
1195 801 1387 874 cambricis
1418 803 1463 874 li-

289 924 377 996 bris.
424 923 616 1002 Quaedam
635 931 780 993 tantum
797 920 954 991 nimium
971 920 1157 992 laedentia
1179 945 1315 1014 purum
1341 943 1462 1016 gram·

290 1041 440 1114 maticcs
463 1064 571 1112 usum
598 1040 702 1132 sequi
727 1038 850 1120 nolui,
886 1047 930 1109 ut
955 1038 1239 1133 disjunctionem
1261 1036 1461 1110 formarum

288 1159 600 1256 praepositionum
619 1183 703 1230 cum
715 1156 993 1251 pronominibus
1006 1156 1288 1228 coalescentium
1306 1157 1365 1228 vel
1381 1181 1462 1229 ver-

289 1278 431 1351 balium
448 1275 647 1348 formarum
664 1299 778 1348 unam
795 1298 921 1348 vocem
939 1275 1260 1356 constituentium,
1289 1297 1384 1368 quac
1402 1299 1463 1347 oc·

289 1397 404 1469 currit
414 1396 454 1468 in
464 1395 625 1467 editione
639 1393 810 1466 carminis
821 1392 958 1464 cornici
970 1393 1198 1465 dePassione
1211 1417 1244 1464 e.
1260 1417 1316 1488 gr.
1336 1393 1376 1466 in
1388 1419 1463 1467 war

288 1517 403 1597 netto,
421 1537 448 1610 y
466 1515 532 1596 tlte,
550 1513 660 1609 ytlto,
677 1537 706 1608 y
721 1513 813 1586 these
828 1511 1090 1606 promor-netto,
1103 1511 1199 1606 ytle,
1211 1511 1310 1606 gotho,
1322 1513 1456 1607 yttese.

289 1633 396 1712 Quae
420 1631 617 1727 disjunctio
635 1631 728 1701 mira
751 1631 863 1702 etiam
880 1629 921 1702 in
939 1629 1130 1700 cambriois
1156 1629 1381 1703 editionibus
1403 1631 1463 1703 in·

290 1752 435 1824 tardum
447 1748 595 1844 legitur,
618 1748 824 1820 utinMab.
845 1749 877 1831 1,
901 1747 960 1820 19.
978 1748 1071 1820 249:
1094 1747 1257 1846 oltooofi,
1281 1751 1457 1834 odonam,

289 1892 309 1942 o
327 1869 444 1950 lutat,
467 1876 506 1939 et
522 1867 563 1938 in
579 1865 683 1938 libris
700 1865 851 1960 linguae
869 1865 1066 1936 armoricae
1083 1865 1293 1951 hodiernae,
1315 1877 1360 1940 ut
1370 1893 1461 1942 ωαν-

290 2009 420 2066 o-oua,
447 1984 711 2064 caremban,
740 2007 807 2078 pro
828 2007 1008 2065 mammon,
1039 2007 1243 2067 comaco,
1276 1985 1317 2058 in
1334 1986 1460 2060 formis

290 2103 407 2176 auctis
425 2103 525 2185 olon,
547 2127 646 2174 wara
663 2100 723 2173 vel
740 2125 878 2174 waraez
895 2102 1207 2196 praepositionum
1224 2125 1256 2184 o,
1281 2129 1355 2178 war
1372 2114 1458 2178 ante

289 2220 507 2317 pronomina
524 2218 667 2291 suffixa.
703 2219 971 2292 Grammaticos
988 2228 1044 2292 est
1061 2219 1120 2291 vel
1136 2219 1258 2304 lexici,
1281 2245 1357 2294 non
1374 2223 1463 2294 scri-

289 2349 421 2435 ptume
438 2339 614 2421 usitatae,
648 2338 780 2408 harum
804 2335 1004 2409 formarum
1027 2346 1148 2410 ortum
1175 2341 1386 2424 ostendere,
1418 2352 1461 2414 ut

291 2459 380 2530 alias
397 2481 466 2540 res,
489 2479 522 2528 e.
538 2480 593 2552 gr.
611 2455 825 2528 varietatem
839 2456 1057 2548 quantitatis
1074 2455 1134 2527 vel
1150 2458 1461 2550 pronuntiationis

290 2576 483 2658 vocalium,
507 2596 602 2665 quae
620 2573 896 2666 conspiciuntur
908 2574 948 2646 in
961 2573 1147 2647 hodiernis
1158 2575 1262 2647 libris
1276 2576 1462 2648 armoricis

290 2702 461 2767 oneratae
484 2692 594 2764 variis
619 2692 848 2776 accentibus,
888 2717 980 2785 quos
1012 2693 1119 2766 omisi
1149 2693 1336 2778 consulto,
1376 2719 1462 2766 cum

290 2837 365 2884 non
391 2813 513 2884 adsint
536 2812 576 2882 in
600 2809 871 2882 vetustioribus.
914 2811 1098 2884 Cambrici
1120 2811 1207 2883 libri
1231 2812 1342 2884 etiam
1365 2813 1463 2908 ejus—

291 2930 390 3002 modi
409 2941 601 3002 accentum
626 2929 866 3001 recentiorem
883 2929 1059 3008 offerunt.
1088 2931 1152 3002 sed
1169 2955 1287 3002 unum
1304 2929 1461 3002 circum·

291 3049 430 3120 flexum
447 3048 487 3119 in
505 3046 692 3117 vocalibus
709 3047 916 3140 productis.
944 3057 987 3120 ut
1010 3049 1050 3120 in
1063 3052 1160 3145 prola
1180 3049 1352 3144 (vinum),
1383 3073 1462 3121 sae-

291 3165 448 3259 piusque
466 3165 506 3235 in
524 3164 699 3256 correptis
716 3165 886 3257 primitus
909 3174 947 3237 et
964 3191 987 3237 a
1004 3167 1205 3238 recentiore
1230 3167 1360 3263 lingua
1377 3193 1462 3262 pro-

292 3283 431 3366 ductis,
464 3305 497 3353 e.
519 3305 575 3376 gr.
597 3281 636 3352 in
656 3279 729 3352 τάπ’
744 3282 876 3378 (ignis),
905 3285 1026 3356 verbis
1049 3285 1089 3356 in
1106 3287 1195 3368 -tto,
1230 3287 1295 3357 tro
1321 3285 1458 3382 (senex)

292 3411 378 3484 etc,
413 3409 456 3471 ut
484 3399 514 3469 si
538 3398 717 3470 scribatur
739 3401 947 3495 germanice
972 3405 1062 3500 coep,
1091 3405 1196 3501 pete,
1228 3427 1312 3475 cum
1336 3427 1355 3474 c
1377 3428 1462 3498 pro-

292 3521 404 3590 ducta
431 3517 541 3590 hodie
569 3516 650 3590 loco
673 3527 859 3612 correptae
891 3521 1098 3614 primitivae
1123 3545 1141 3594 e
1163 3521 1222 3594 vel
1252 3525 1266 3593 i
1290 3521 1330 3593 in
1354 3523 1456 3616 goth.

292 3642 380 3733 oips,
397 3637 496 3731 pibo,
519 3658 633 3730 germ.
657 3645 729 3708 vet.
752 3661 853 3733 coep,
871 3641 973 3735 pibo.

396 3755 502 3833 Quae
527 3755 626 3847 apud
653 3755 870 3828 Marcellum
897 3757 1226 3853 Burdegalensem,
1262 3757 1462 3852 Virgilium

292 3871 591 3968 grammaticum,
621 3872 661 3942 in
679 3872 798 3967 glossa
821 3875 1044 3971 malbergica
1060 3876 1236 3971 leguntur
1251 3875 1457 3970 peregrina,

292 3989 460 4062 inaudita
477 3989 536 4062 vel
553 3989 758 4086 incognita,
786 3993 817 4063 si
842 3993 925 4084 quis
948 3993 1169 4085 quaesiverit
1191 3993 1231 4064 in
1248 3995 1318 4066 hoc
1336 4017 1456 4087 opere,

293 4132 367 4181 non
391 4107 575 4194 inveniet3
607 4107 647 4180 in
670 4109 728 4180 his
752 4111 923 4182 omnibus
946 4111 1045 4182 enim
1059 4109 1230 4202 equidem
1249 4135 1318 4183 nec
1336 4111 1461 4183 inveni

292 4251 418 4298 vocem
437 4225 602 4297 celticam
621 4251 688 4297 nec
707 4227 867 4300 invenio.

396 4345 469 4416 Sed
496 4351 694 4435 antequam
718 4345 830 4439 hujus
853 4345 939 4417 libri
964 4347 1075 4418 finem
1098 4345 1210 4430 facio,
1240 4345 1334 4419 mihi
1358 4357 1462 4442 grato

294 4461 416 4532 animo
434 4463 751 4534 commemoranda
768 4471 823 4534 est
840 4462 1000 4534 virorum
1017 4465 1208 4536 doctorum
1225 4475 1264 4538 et
1281 4465 1462 4538 clarorum
