3204 5084
644 419 841 466 1111111119.
1267 401 1327 460 vu

152 575 256 659 seri,
285 571 479 652 ccmbncis
501 579 540 648 et
563 571 768 653 armoricis.
805 579 848 646 ut
873 571 914 648 in
937 559 1149 646 nominibm
1170 571 1322 652 vetustis

154 692 299 786 gallicis
322 701 362 768 et
383 689 620 774 britannicis,
649 715 684 765 9.
705 714 761 786 gr.
782 689 1086 784 Vercingetorix,
1115 695 1317 783 vertragus,

155 809 434 893 Vernemetmn,
456 807 700 904 Vertigsrnus
716 815 788 884 etc.
812 805 872 904 (cf.
893 833 931 903 p.
958 807 1042 880 151.
1070 806 1141 881 153
1159 805 1316 902 91829),

154 928 258 1022 cujus
284 927 490 1022 particulae
511 925 715 1001 intensivee
738 926 780 1001 in
806 925 937 1022 lingua
958 923 1151 1000 hibernica
1175 924 1319 1001 nullum

154 1035 352 1140 vestigium
368 1044 461 1119 mibi
479 1043 630 1118 obvium
646 1053 715 1117 est.
744 1043 857 1118 Porro
875 1042 970 1118 elias
988 1043 1171 1134 quaedum
1186 1065 1293 1116 voces
1309 1071 1315 1112 :

153 1188 251 1238 anca
266 1163 415 1258 (cambr.
430 1163 519 1238 bod.
535 1186 639 1237 anuo
655 1185 782 1244 masc,
799 1159 928 1246 forma,
946 1161 1150 1244 bannonis,
1168 1159 1314 1254 possis),

153 1303 250 1373 quse
273 1280 382 1355 obvia
403 1288 459 1356 ost
484 1279 527 1358 in
549 1279 759 1358 nominibus
783 1277 1042 1371 frequentibus
1070 1277 1232 1352 virorum
1260 1275 1321 1350 vel

152 1395 375 1474 feminarum
400 1395 591 1473 combricio
616 1403 654 1472 et
671 1395 858 1473 armoricis
886 1396 973 1472 libri
991 1394 1240 1472 Lsndnvsnsis
1259 1393 1319 1469 vel

152 1515 367 1592 charudcrii
384 1514 640 1590 sucronensis
656 1513 883 1607 compositis,
901 1521 956 1589 ,ιιι
971 1513 1164 1612 Ancum,
1193 1515 1320 1594 Asos-

151 1633 232 1714 ced‚
252 1633 481 1713 Accuweten,
503 1631 734 1713 Anauwowt,
757 1631 917 1712 Ricuau,
940 1632 1126 1715 Drecuau,
1149 1635 1319 1708 Batauos

141 1758 223 1830 etc.
258 1749 548 1846 (p.150.153),
588 1771 683 1841 quae
708 1747 816 1820 obvia
840 1756 897 1819 est
920 1749 1032 1821 etiam
1060 1759 1136 1822 tam
1154 1752 1319 1824 derivata

150 1889 264 1960 quam
281 1868 382 1937 nuda
393 1865 484 1938 item
496 1865 537 1936 in
550 1865 759 1938 nominibus
773 1867 909 1938 cambr.
924 1866 1074 1940 Ancuoc
1089 1867 1176 1940 Lib.
1194 1869 1315 1942 Laud.

154 1985 238 2064 156,
261 2007 393 2058 armor.
414 1983 525 2056 Arica
541 1983 664 2054 Rhed.
690 1983 722 2067 1,
745 1983 808 2054 48.
837 1984 887 2056 D.
904 1985 1000 2057 Mor.
1024 1986 1111 2070 272,
1134 2009 1228 2078 quae
1246 2011 1318 2061 vox

144 2102 226 2196 jam
248 2108 403 2195 apparet
424 2101 516 2175 item
540 2102 643 2174 nuda
664 2100 705 2172 iu
726 2100 875 2174 nominc
892 2103 1019 2195 oppidi
1037 2105 1085 2174 ad
1102 2104 1318 2176 Danubium

142 2221 304 2294 ’Ἀναυον
340 2217 474 2312 (ultimi
498 2217 720 2290 Germaniae
745 2217 842 2290 circa
862 2219 954 2291 fines
978 2221 1210 2306 Pannoniae,
1251 2223 1318 2296 ubi

146 2337 229 2410 sine
239 2335 361 2408 dnbio
376 2335 504 2430 gallici
521 2335 650 2429 populi
662 2337 912 2431 consederant)
933 2338 1033 2430 apud
1045 2339 1311 2424 Ptolemaeum,

147 2461 188 2525 et
217 2454 258 2524 in
288 2453 436 2524 nomine
465 2451 626 2524 feminee
653 2454 852 2525 Anauonie
879 2453 920 2524 in
949 2453 1186 2550 inscriptione
1216 2460 1316 2552 apud

146 2569 266 2642 Stein.
289 2571 381 2656 985,
409 2571 573 2644 derivato
593 2578 637 2642 ut
666 2569 741 2652 slis
763 2571 914 2644 nomina
935 2573 1084 2668 propria
1106 2575 1147 2650 in
1169 2576 1310 2662 -ouius,

146 2687 235 2760 onia
248 2687 298 2782 (p.
312 2687 413 2784 736).
441 2689 630 2779 Frequens
642 2695 697 2758 est
708 2687 819 2762 etiam
832 2689 1052 2765 vocobulum
1066 2715 1134 2766 cun
1145 2690 1186 2765 in
1196 2692 1315 2764 nomi·

145 2805 255 2877 nibus
273 2805 489 2879 britannicis
507 2803 763 2889 Cunobilinus,
786 2805 1024 2888 (innotamus,
1048 2807 1308 2902 Camomaglns,

146 2922 412 3016 Maglocunus,
446 2921 555 2994 utin
582 2921 725 3016 gallicis
752 2921 921 3017 Ἀρκύνια
951 2925 1014 3018 ὄρη
1048 2948 1107 3015 ap.
1137 2923 1309 3008 Aristot„
1434 2944 1435 2947 ’

148 3039 338 3134 Hercynia
349 3039 452 3122 silva,
466 3038 712 3111 Hercuniates
725 3037 895 3134 (populus
902 3039 1126 3134 Pannonios)
1140 3063 1199 3133 sp.
1211 3041 1308 3114 Plin.

97 3161 102 3170 '
149 3159 207 3254 (de
226 3157 362 3250 quibus
384 3155 518 3230 videsis
535 3181 573 3250 p.
597 3157 681 3228 109.
707 3155 811 3254 121);
844 3155 945 3232 haud
969 3155 1080 3230 dubie
1098 3181 1173 3230 uon
1189 3159 1314 3232 differt

144 3277 284 3348 cambr.
304 3275 393 3346 hod.
415 3299 490 3346 cum
509 3273 729 3369 (summitas
760 3273 928 3360 altitudo,
950 3275 991 3347 in
1008 3275 1216 3369 compositis
1234 3277 1309 3372 adj.

144 3391 276 3488 altus),
307 3415 354 3462 ex
372 3415 446 3486 quo
464 3413 623 3486 compos.
645 3401 683 3465 et
700 3391 814 3466 deriv.
834 3393 1027 3490 octyuiad
1045 3392 1244 3489 (elevatio).
1273 3403 1313 3466 st
1344 3399 1345 3403 ’

143 3511 261 3584 deriv.
288 3533 415 3604 cwuwy
451 3507 672 3604 (summitas,
703 3509 876 3605 culmen).
924 3509 1084 3583 Hibern.
1111 3517 1185 3582 vet.
1213 3535 1313 3584 ccccc

145 3629 210 3723 (gl.
238 3628 387 3722 gibber,
415 3626 466 3720 gl.
493 3625 610 3722 ulcus)
637 3626 701 3724 Sg.
723 3627 797 3698 22¹.
828 3618 905 3700 23³.
934 3627 996 3700 Pr.
1025 3628 1085 3698 Or.
1116 3629 1151 3699 9·
1183 3628 1312 3701 eodem

142 3746 253 3816 modo
277 3745 325 3815 ad
349 3741 436 3815 brit.
462 3768 574 3816 canuc
596 3741 829 3816 referendum
859 3753 931 3828 est,
970 3751 1014 3815 ut
1035 3744 1180 3816 hibern.
1204 3751 1306 3841 putu,

140 3863 276 3957 dapnis
296 3857 414 3955 (facio)
439 3859 489 3932 ad
510 3862 646 3932 cambr.
673 3861 761 3933 hod.
777 3884 901 3955 grona,
923 3862 1148 3956 ywmuttur,
1177 3859 1311 3934 atsere

142 3979 291 4050 videtur
308 3983 583 4054 transsumtum.
606 3999 691 4048 curn
702 3999 777 4046 non
794 3999 842 4048 ex
856 3976 938 4048 aliis
950 3977 1148 4050 hibernicis
1162 3979 1311 4048 vocibus

140 4095 294 4189 cognita
315 4093 365 4164 sit
381 4093 512 4164 eadem
527 4092 635 4164 radix
652 4101 691 4164 et
713 4099 912 4168 serveturc
935 4095 1028 4166 dura
1044 4093 1183 4176 finalis,
1210 4101 1254 4166 ut
1271 4093 1311 4166 in

141 4212 260 4283 sebcoc
277 4209 340 4304 (gl.
350 4209 475 4304 capus)
490 4209 553 4304 Sg.
568 4203 664 4290 105⁵,
682 4209 786 4306 cujus
799 4208 917 4282 forma
927 4211 1055 4280 eadam
1069 4209 1313 4302 deprehendi·

144 4341 223 4410 tur,
246 4350 323 4397 non
344 4325 467 4398 reboet
482 4327 684 4396 secundum
703 4325 870 4421 regulam
879 4325 992 4420 juxta
1008 4327 1146 4396 cambr.
1161 4334 1234 4398 vet.
1254 4328 1312 4399 lte-

145 4443 231 4516 bccc
243 4443 294 4540 (p.
306 4443 408 4539 816).
428 4443 515 4516 hod.
533 4443 652 4536 lebop.
690 4441 887 4517 Caratacus
903 4465 1038 4514 nomen
1057 4442 1124 4514 viri
1136 4443 1313 4538 gallicum
