3242 5080
319 365 382 430 288
611 365 659 429 11.
679 369 709 427 2.
754 383 955 430 nsormsrro
970 382 1187 428 narramus.

318 533 473 608 rietatem,
491 531 738 614 deprehenditur
756 543 927 618 paupertas
945 543 978 596 et
991 533 1165 596 formarum
1178 530 1323 615 penuria.
1355 529 1484 594 Genera

319 639 407 702 enim
427 637 708 714 substantivorum,
726 649 764 701 ut
785 639 820 700 in
842 648 968 702 vetusta
989 636 1151 700 hibernica
1165 637 1288 720 lingua,
1306 635 1483 700 britannice

319 744 410 806 nullo
429 743 523 805 modo
544 742 768 806 discemuntur
788 764 920 806 oesuum
934 742 1081 818 flexione,
1099 763 1216 804 nomen
1230 741 1337 824 potius
1352 740 1483 804 indecli-

320 847 427 912 nabile
447 847 511 910 dici
532 847 626 910 debet
645 869 702 932 per
723 869 827 912 casus.
868 847 1111 911 Enumerandae
1132 847 1203 910 ideo
1225 846 1309 910 solae
1331 846 1484 909 flexiones

320 951 446 1016 numeri
460 952 637 1035 utriusque,
655 953 818 1036 pauciores
833 943 967 1017 numeri
974 952 1156 1036 singularis,
1170 973 1251 1036 quae
1266 952 1386 1016 seilicet
1399 953 1485 1013 fiunt

320 1057 450 1122 nonnisi
476 1059 516 1120 ad
541 1057 784 1122 discernendum
810 1080 913 1142 genus
938 1057 1181 1141 adjectivorum,
1204 1059 1311 1141 plures
1336 1055 1481 1139 pluralis,

320 1177 388 1227 tam
409 1161 680 1226 substantivomm
694 1185 790 1246 quam
805 1163 1042 1246 adjectivorum,
1060 1163 1176 1245 qmbus
1190 1163 1243 1226 hic
1257 1181 1410 1225 numerus
1425 1159 1484 1222 dif-

322 1269 383 1332 fert
402 1289 422 1331 a
441 1267 606 1350 singulari.
638 1269 795 1331 Addenda
816 1279 893 1330 sunt
913 1277 1020 1331 tamen
1041 1267 1214 1350 peculiaria
1233 1267 1390 1351 quaedam
1411 1265 1484 1328 sub

322 1373 533 1438 stautivorum
559 1372 688 1455 linguae
714 1372 910 1435 britannicae
936 1373 1172 1436 collectivorum
1198 1384 1230 1435 et
1255 1368 1485 1454 singularitatis

323 1491 418 1563 atque
432 1476 558 1541 numeri
573 1477 677 1540 dualis
692 1487 816 1560 praeter
830 1497 947 1560 paucas
961 1476 1114 1540 flexiones
1129 1477 1302 1540 anomalas.
1486 1487 1489 1494 '

408 1583 477 1646 Nec
498 1603 573 1645 vero
594 1581 726 1665 pluralis
748 1581 874 1644 numeri
888 1581 1039 1645 flexiones
1055 1582 1106 1644 vel
1121 1581 1359 1644 terminationes
1373 1599 1485 1642 nume·

323 1687 455 1752 rosiores
470 1696 547 1749 sunt
560 1685 705 1769 propriae
719 1685 817 1768 hujus
831 1685 883 1748 vel
897 1685 984 1750 illius
996 1686 1131 1770 generis,
1146 1687 1201 1748 sed
1212 1705 1395 1748 communes
1406 1683 1484 1746 utri·

324 1815 386 1877 que
404 1790 524 1875 generi,
541 1789 718 1853 mascrdino
739 1801 772 1854 et
785 1791 950 1867 feminino,
968 1812 1049 1874 quae
1063 1789 1240 1854 britannice
1254 1789 1359 1852 adhue
1373 1787 1485 1850 distin·

323 1907 479 1981 guunm
511 1889 647 1959 Generis
666 1895 811 1959 neutrius
831 1895 918 1958 enim
938 1917 1019 1978 quae
1033 1896 1164 1960 fuerunt
1177 1895 1325 1979 primitus
1340 1893 1485 1956 substan·

325 2002 391 2065 tiva
411 2001 495 2063 inter
522 1999 699 2064 masculina
718 2009 845 2083 recepta
873 2011 966 2076 sunt,
990 2009 1028 2063 ut
1053 2021 1081 2062 e.
1104 2021 1152 2083 gr.
1175 1997 1338 2062 hibernica
1361 2007 1486 2060 vetusta

325 2116 439 2169 neutra
460 2105 503 2167 tr'r
524 2107 654 2189 (terra),
678 2104 765 2168 aiom
787 2108 932 2189 (nomeu)
954 2115 1031 2168 sunt
1050 2103 1227 2173 masculina
1246 2103 1399 2166 hodierna
1421 2113 1487 2165 tam

281 2239 285 2245 ·
326 2209 481 2273 cambrioa
501 2207 545 2272 tir
566 2218 598 2270 et
620 2229 698 2285 ento,
716 2231 812 2292 quam
834 2209 986 2272 armorica
1008 2209 1052 2273 tir
1070 2221 1103 2272 et
1123 2209 1217 2272 lano.
1249 2210 1339 2272 Inter
1361 2209 1425 2271 duo
1439 2227 1486 2269 re-

326 2315 419 2379 sidua
437 2334 554 2396 genera
575 2313 754 2378 britannica
774 2335 847 2376 cum
869 2314 911 2377 sit
925 2314 1055 2377 nonnisi
1070 2313 1330 2377 terminationum
1344 2311 1487 2374 derivan-

328 2420 408 2484 tium
430 2418 610 2481 distributio
631 2429 716 2482 certa
737 2420 832 2501 (quae
855 2418 1091 2482 terminationes
1111 2437 1300 2501 ergo'genus
1316 2415 1488 2480 substanti·

327 2545 439 2588 vorum
458 2522 708 2586 britannicorum
722 2524 890 2605 prodentes
905 2523 1103 2607 proferentur
1117 2517 1200 2584 in'fra
1214 2521 1249 2585 in
1265 2523 1367 2606 eapite
1381 2524 1421 2585 de
1436 2523 1489 2584 de·

327 2629 507 2711 rivatione),
525 2628 630 2710 sitque
646 2627 744 2691 etiam
758 2627 919 2690 interdum
933 2628 1059 2692 notatio
1074 2627 1158 2690 inter
1171 2627 1384 2690 masculinum
1399 2635 1431 2688 et
1446 2625 1489 2687 fe

327 2733 498 2809 mininum,
508 2731 525 2766 ¹*
539 2753 605 2795 non
618 2727 795 2795 secundum
809 2753 926 2815 genera
940 2733 1211 2796 enumerabuntur
1226 2729 1371 2814 exempla
1384 2750 1444 2792 nec
1455 2728 1489 2791 in

327 2839 384 2903 illo
404 2859 548 2914 numero,
566 2838 699 2901 addetur
721 2847 828 2900 tamen
849 2836 1046 2922 frequentius
1066 2857 1168 2920 genus
1182 2835 1375 2912 vetustioris,
1393 2834 1489 2918 siap

328 2955 428 3029 paret,
445 2943 496 3006 vel
509 2941 680 3006 hodiernae
694 2942 834 3026 linguae.

787 3139 1039 3223 Singularis.

415 3308 516 3372 Nulla
537 3327 669 3372 casuum
689 3306 784 3370 flexio
805 3327 865 3370 neo
886 3305 1077 3372 substantivi
1099 3329 1157 3371 noc
1179 3306 1327 3391 adjectivi
1346 3305 1443 3370 etiam
1458 3304 1493 3367 in

331 3411 556 3476 vetustioribus
575 3409 700 3494 glossis,
717 3430 746 3472 e.
762 3431 811 3492 gr.
830 3409 865 3472 in
879 3410 1004 3474 Onon:
1029 3432 1102 3475 nom
1123 3412 1154 3475 ir
1176 3409 1398 3494 houporrteao
1413 3408 1494 3474 duel

332 3515 391 3597 (gl.
409 3515 527 3598 templa
548 3514 707 3598 lanigerae
723 3513 912 3597 juvencae),
930 3535 966 3577 or
984 3536 1069 3598 poro
1085 3516 1143 3598 (gl.
1160 3515 1298 3600 medio),
1316 3515 1350 3578 in
1372 3514 1404 3578 ἐν
1415 3535 1493 3597 quo-

332 3617 479 3682 rimtetio
490 3619 562 3682 aaa
573 3619 631 3702 (gl.
646 3619 681 3682 in
692 3629 804 3702 arguto
816 3619 908 3701 foro),
923 3639 960 3681 or
970 3618 1104 3684 dometio
1115 3619 1173 3703 (gl.
1188 3619 1362 3700 adomito).
1387 3617 1494 3682 Vesti-

402 3899 415 3926 ·
431 3897 495 3952 Nou
512 3898 600 3953 solum
617 3900 645 3954 in
664 3899 776 3956 diversis
792 3899 913 3956 dialectis
931 3901 979 3955 sed
998 3901 1078 3956 etiam
1098 3903 1127 3954 iu
1140 3901 1233 3954 eadem
1245 3901 1351 3955 diverto
1363 3909 1494 3972 tempore.

334 3983 378 4037 Ita
395 3982 480 4036 subst.
499 3981 562 4036 sem.
575 3984 681 4038 hibern.
700 3992 754 4038 vet.
773 3984 871 4038 almer
890 3983 1016 4056 (tempus)
1031 3991 1072 4039 est
1088 3985 1169 4038 etiam
1187 3986 1316 4039 armenes
1335 3985 1496 4039 femininum

333 4083 429 4131 omer,
444 4066 492 4120 sed
504 4067 636 4120 cambriae
647 4067 833 4136 masculinum,
847 4076 879 4122 ut
890 4069 980 4134 hodie,
996 4069 1054 4139 jam
1072 4069 1101 4122 iu
1113 4071 1180 4140 Lag.
1194 4069 1294 4141 praetr
1308 4087 1341 4123 ea
1355 4087 1391 4139 go·
1407 4087 1498 4124 omer
1597 4117 1598 4125 ,

331 4151 397 4220 plan
408 4150 501 4202 bunne
514 4150 600 4220 (sacro
617 4151 669 4206 hoo
686 4159 821 4223 tempore;
842 4170 920 4223 pron.
934 4153 1037 4206 ownnw
1048 4153 1154 4223 masc).
1181 4153 1235 4208 Sed
1246 4169 1315 4222 quae
1327 4153 1356 4206 iu
1367 4153 1435 4224 Lag.
1450 4152 1498 4207 ad·

1597 4021 1598 4046 l

1596 4095 1598 4110 ι

334 4233 387 4286 huc
404 4233 578 4288 inveniuntur
595 4241 748 4288 constructa
764 4242 796 4288 ut
813 4235 942 4289 feminina
958 4235 1127 4290 substantiva
1143 4237 1264 4291 derivata
1281 4237 1359 4290 -osth
1378 4235 1497 4306 (hibern.
1596 4235 1597 4240 ’

334 4323 388 4456 plait.
402 4319 471 4379 -oct,
485 4317 566 4370 -ocltt
576 4317 662 4388 iem),
677 4325 805 4372 notamur
824 4319 971 4374 masculina
990 4319 1019 4373 in
1037 4319 1130 4374 lexicis
1147 4321 1293 4376 hodiernae
1305 4321 1414 4391 linguae
1426 4338 1499 4376 eam·

376 4419 431 4456 ose.
