3218 5068
314 361 374 424 518
476 362 541 424 ΙΙΙ.
560 365 590 424 2.
623 381 724 428 vnum
740 381 936 428 nntrsuuror
953 383 1063 427 sorrvr
1080 381 1307 430 rummmvus.

398 529 494 594 Corn.
512 530 610 608 ENS,
628 531 720 615 eujus
742 553 808 595 non
828 531 930 616 reperi
950 532 1143 615 exemplum,
1162 543 1356 618 transgresus
1370 537 1473 600 termi-

313 631 400 696 netio
422 632 457 696 in
477 633 682 718 singularum,
701 647 739 700 ut
757 657 934 720 pronomen
957 637 1111 702 suffixum
1132 661 1216 718 -ane,
1237 661 1305 704 -ene
1319 641 1367 724 (p.
1386 646 1472 724 388).

396 739 558 804 Armorice
573 741 664 808 ENT
678 741 775 806 etiem
788 741 894 808 hodie.

767 979 1021 1044 Infinitivus.

398 1164 475 1228 Non
502 1162 599 1226 unius
626 1161 830 1248 ejusdemque
851 1164 1101 1242 terminationis,
1125 1167 1181 1230 sed
1200 1179 1239 1230 ut
1260 1167 1296 1231 in
1316 1168 1476 1237 hibernica

313 1267 626 1352 lingueinplruibus
638 1268 747 1334 formis
758 1291 925 1355 apperens,
934 1281 1041 1354 etque,
1052 1270 1080 1334 si
1091 1292 1157 1334 non
1164 1273 1475 1340 estnudusinsorme

312 1373 426 1438 rodinis
447 1374 592 1451 verbulis,
610 1373 770 1440 derivatus
791 1374 878 1438 serio
896 1377 1001 1440 modo.
1034 1375 1145 1440 Flexio
1162 1397 1229 1440 uon
1243 1382 1473 1462 exspectarim

313 1478 439 1544 dativus
464 1479 697 1562 praepositione
717 1481 835 1546 cembr.
860 1483 955 1565 με·
975 1481 1036 1566 dy,
1063 1480 1187 1546 hibern.
1210 1482 1276 1563 do),
1299 1504 1387 1548 corn.
1413 1485 1473 1564 tte,

313 1605 427 1650 armor,
445 1586 490 1650 do
505 1584 714 1668 signifieaen.
746 1585 920 1651 Adduutur
934 1586 1030 1653 etiem
1044 1585 1233 1668 pronomina
1246 1588 1433 1670 possessive.

401 1697 430 1752 1.
457 1689 643 1758 Infinitivus
667 1691 775 1755 nudus
795 1689 920 1756 radicis.
959 1691 1105 1756 eamne:
1136 1712 1175 1754 oe
1202 1691 1315 1756 adreid
1339 1695 1406 1778 oyd
1427 1693 1479 1760 ἰαί

311 1817 333 1880 y
349 1793 466 1878 diocles
472 1793 511 1858 lte'
521 1817 566 1880 pn
580 1817 649 1879 opto
664 1797 711 1878 (et
724 1815 856 1879 segnem
870 1795 930 1860 erit
945 1796 1013 1874 tibi,
1032 1795 1164 1862 tolerare
1179 1817 1249 1862 enm
1264 1797 1384 1876 vivum,
1401 1809 1476 1863 tem·

313 1909 486 1984 pestatem;
503 1901 570 1964 red.
588 1900 656 1984 def,
675 1901 756 1976 dem,
774 1899 897 1964 hibern.
916 1899 1018 1984 daim)
1035 1902 1124 1966 Meb.
1145 1908 1173 1977 1,
1189 1907 1220 1964 8.
1237 1922 1276 1966 ae
1289 1903 1404 1988 ymlod
1415 1925 1477 1968 ow·
1552 1975 1553 1978 Ἴ

313 2005 409 2070 naeth
423 2024 463 2068 ar
474 2003 568 2088 norff
575 2006 621 2086 (et
632 2025 775 2088 pugnare
787 2006 890 2089 coepit
901 2027 974 2070 eum
985 2007 1145 2092 serpente)
1160 2012 1188 2084 1,
1205 2009 1279 2068 266.
1296 2006 1478 2096 aokyuored

311 2109 408 2194 puell
422 2109 566 2175 awnaett
583 2113 629 2191 (et
650 2110 788 2177 salutare
809 2109 927 2196 coepit)
946 2117 974 2187 1,
995 2115 1069 2172 262.
1088 2115 1161 2172 274.
1187 2111 1342 2198 apolone
1356 2112 1480 2200 yuaret

312 2235 450 2300 ympwn.
471 2261 479 2277 .
500 2262 507 2276 .
531 2215 624 2286 allud
648 2223 703 2282 ton
728 2236 825 2282 aereo
853 2217 900 2297 (et
924 2215 1125 2284 introducere
1150 2236 1285 2297 equum,
1310 2225 1344 2280 et
1368 2217 1478 2282 elioere

313 2319 435 2402 ignem)
454 2326 482 2396 1,
503 2326 553 2382 31.
578 2341 616 2383 oo
636 2329 753 2402 esnonq
768 2342 806 2383 eu
820 2341 948 2402 pennen
961 2327 1120 2404 aaroqant
1134 2321 1181 2402 (et
1195 2319 1360 2384 demittere
1375 2322 1479 2405 capite

314 2429 498 2508 coeperunt)
515 2432 543 2500 1,
561 2431 589 2488 7.
622 2426 736 2488 Manet
750 2446 846 2510 -eonq,
863 2435 901 2490 ut
916 2424 1041 2489 hibern.
1060 2446 1137 2509 -onp
1153 2427 1199 2510 (p.
1218 2428 1306 2507 459),
1321 2447 1378 2514 per
1391 2427 1478 2491 verbi

314 2531 430 2597 formos
445 2531 534 2592 velut
548 2529 705 2594 indiculis,

398 2637 516 2702 Com:
532 2656 583 2720 po
604 2657 626 2698 o
646 2655 766 2700 werras
787 2645 824 2722 pt
844 2637 932 2702 colon
948 2657 1028 2700 ooeoe
1042 2657 1086 2722 yn
1101 2633 1206 2702 delmo
1221 2635 1307 2724 (quis
1322 2636 1431 2722 posuit
1444 2637 1478 2702 in

314 2742 406 2804 eorde
422 2751 478 2804 tuo
492 2739 581 2824 loqui
596 2737 673 2822 itai)
690 2741 781 2806 Pess,
800 2747 851 2818 81,
871 2748 902 2803 t.

398 2847 544 2908 Armont
569 2867 603 2907 oz
627 2845 691 2930 day
713 2845 756 2908 do
777 2845 857 2908 barn
878 2844 979 2927 (venit
1000 2843 1281 2938 edjudioandum)
1297 2845 1384 2910 Buh.
1404 2849 1478 2926 102,

319 2959 368 3012 17.
388 2951 431 3014 do
445 2949 532 3038 oloeq
548 2951 722 3032 (quaerere,
740 2951 781 3012 ed
795 2951 1037 3033 quaerendum),
1057 2951 1099 3013 do
1114 2971 1219 3033 compe
1234 2949 1349 3033 (loqui)
1364 2949 1409 3034 sq.

400 3061 430 3119 2.
455 3053 641 3118 Infinitivus
669 3053 840 3118 derivatus.
874 3043 959 3119 Sunt
980 3055 1092 3118 finales
1112 3065 1169 3118 eut
1191 3075 1364 3131 consonae,
1382 3075 1412 3118 e.
1429 3077 1478 3139 gr.

313 3159 509 3244 frequentior
531 3167 645 3224 -tcum
666 3158 797 3222 diversis
820 3159 981 3223 vocalibus
997 3160 1052 3241 (of.
1070 3159 1194 3223 hibern.
1219 3161 1294 3236 -od,
1319 3159 1375 3224 -ed
1387 3165 1479 3245 ete),

314 3266 445 3330 rariores
461 3289 492 3330 -o
507 3275 539 3328 et
554 3263 590 3341 -l,
609 3263 652 3328 -ll
670 3285 744 3328 cum
766 3263 926 3327 vocalibus
941 3286 968 3340 e,
986 3263 1009 3340 i,
1028 3275 1085 3328 eut
1106 3263 1202 3328 etiam
1223 3265 1405 3330 terminales
1428 3287 1481 3330 ve·

314 3371 379 3437 riae
394 3371 528 3434 vocales.

400 3472 651 3540 Termiuetiones
670 3473 739 3552 ΑΤ,
758 3473 826 3552 ΕΤ,
845 3475 904 3551 ΙΤ,
923 3473 993 3554 OT,
1011 3473 1083 3538 UT.
1115 3474 1264 3538 cambe:
1290 3473 1317 3538 e·
1335 3497 1358 3537 a
1375 3473 1485 3562 qeffitt

316 3579 484 3646 ordoroltat
497 3601 537 3642 or
550 3601 591 3664 pr
605 3601 648 3642 un
665 3601 686 3643 o
699 3587 820 3668 optento
833 3581 976 3643 enudant
987 3583 1038 3660 (tu
1052 3577 1205 3662 inceperis
1221 3600 1326 3642 emere
1341 3577 1485 3661 aliquam

315 3709 434 3763 earum,
454 3707 549 3768 quam
567 3683 717 3765 volueris)
733 3683 822 3746 Mab.
840 3691 868 3760 1,
885 3687 957 3745 212.
976 3681 1257 3769 aorohymynmeye
1272 3705 1313 3769 ys·
1327 3683 1484 3747 kiwtawt·

315 3815 384 3879 seyr
405 3791 526 3856 odeilot
546 3789 588 3854 tei
607 3788 780 3875 (praecepit
801 3787 922 3852 civibus
944 3787 1108 3852 aedificare
1131 3789 1254 3871 domos)
1272 3794 1308 3869 3,
1329 3791 1404 3850 298.
1430 3787 1484 3851 de-

316 3898 412 3963 εἶιναι
425 3905 496 3985 poet
508 3919 530 3982 y
545 3895 619 3958 med
629 3893 781 3976 (incipere
796 3891 902 3956 bibere
913 3893 1067 3974 mulsum)
1082 3900 1111 3969 1,
1126 3897 1157 3955 2.
1175 3891 1233 3955 tet
1244 3891 1486 3977 diodespwelei

316 4004 399 4085 (sine
425 4001 575 4066 facultate
597 3997 740 4081 videndi)
759 4005 794 4075 1,
816 4004 866 4061 18.
891 3999 1039 4064 aeherdet
1056 4021 1077 4083 y
1090 3995 1188 4084 fford
1211 3997 1417 4062 aenmthom
1438 4001 1487 4079 (et

315 4129 444 4193 pergere
465 4107 550 4170 viem
571 4105 673 4187 coepi)
692 4111 720 4180 1,
741 4109 772 4166 3.
797 4113 922 4189 oymryt
943 4123 1040 4168 toruo
1060 4106 1199 4184 (sumere
1219 4103 1338 4186 coepit)
1355 4107 1386 4179 2,
1406 4107 1484 4166 rto.

316 4213 472 4298 aper-thot
491 4211 600 4296 hynny
620 4229 717 4274 ootue
732 4212 778 4290 (et
798 4207 935 4272 refutare
955 4209 1059 4292 eoepit
1073 4208 1147 4290 hoo)
1164 4213 1194 4284 2,
1215 4213 1288 4271 312.
1312 4209 1490 4294 adpwedut

316 4339 469 4403 aomqum
485 4320 531 4400 (et
546 4315 648 4380 dicere
662 4313 776 4396 coepi),
792 4335 830 4376 ao
842 4313 1020 4398 ymehoelot
1035 4317 1081 4396 (et
1095 4317 1228 4395 vertere)
1244 4321 1271 4389 1,
1288 4320 1318 4375 5.
1334 4319 1366 4374 9.
1388 4311 1488 4376 Addo

316 4423 461 4508 exemplo
475 4423 509 4487 in
525 4422 591 4496 Ec,
611 4421 671 4482 10:
693 4419 785 4481 redeo
799 4439 843 4501 yn
858 4439 897 4480 eu
911 4419 1030 4505 derben
1046 4423 1184 4502 (currere
1199 4418 1233 4482 in
1248 4439 1360 4482 eorum
1374 4439 1488 4481 oecur-
