3232 5074
353 411 421 474 III.
441 417 470 474 1.
517 429 1160 474 1111111111111111111111111111.
1278 411 1337 472 421

176 588 262 645 aaut
276 578 538 661 (animadvertere
553 579 657 663 coepit
671 579 827 663 accepisse
841 579 981 662 plagam)
998 579 1086 641 Mab.
1107 585 1136 654 1,
1154 583 1203 639 13.
1223 579 1339 663 tydypu

174 685 275 770 autad
293 683 347 746 kei
360 684 499 764 (credere
513 693 695 767 coeperunt,
714 705 841 747 caesum
855 705 922 747 esse
937 683 1113 764 Caium)'1,
1134 685 1206 744 258.
1228 686 1339 769 pwecly

176 790 279 874 olybot
296 809 426 874 auctoru
442 791 623 872 (postquam
637 787 801 852 audiverat
815 799 977 852 mortuum
991 791 1072 870 esse)
1090 794 1120 863 3,
1140 792 1212 850 298.
1245 791 1340 856 Quod

177 905 329 958 tractatur
344 892 521 956 infinitivus
537 903 574 956 ut
589 892 834 970 substantivum,
849 895 959 956 eadem
973 891 1124 976 loquendi
1139 893 1274 957 formula
1289 916 1339 957 oe·

176 999 274 1062 currit
294 1009 367 1082 post
385 1000 498 1082 pwedy
521 1001 639 1080 (post),
664 999 804 1082 oderaoyt
825 999 1007 1080 (postquam
1029 997 1150 1061 faetmn
1177 1009 1242 1074 est;
1267 999 1289 1061 i.
1307 1021 1336 1062 1.

174 1105 373 1187 postquam):
396 1103 508 1187 pwedy
530 1111 667 1187 wayaet
684 1102 866 1187 qutltineo
888 1103 1014 1186 ynduat
1031 1124 1051 1164 a
1071 1101 1191 1187 rypolli
1203 1125 1242 1166 eu
1257 1104 1339 1189 lepra

175 1211 358 1292 (postquam
379 1207 515 1271 redierat
535 1207 642 1270 feritas
665 1207 709 1270 eis
733 1217 765 1269 et
786 1207 958 1270 amiserant
975 1229 1094 1270 cornua
1107 1227 1176 1284 sua,
1194 1212 1338 1292 capreae)

175 1315 264 1376 Mab.
284 1322 313 1390 1,
330 1319 402 1375 236.
421 1335 470 1395 pa
484 1333 553 1396 tyto
570 1311 730 1374 obwedleu
744 1313 845 1395 yseyd
854 1319 982 1397 qenayt.
1006 1312 1078 1396 Nyt
1089 1333 1140 1373 oss
1155 1333 1274 1396 aamya
1290 1313 1341 1376 bot

174 1442 196 1504 y
218 1419 298 1482 iarll
309 1440 348 1481 oe
362 1417 432 1481 holt
443 1417 512 1480 ullu
524 1417 635 1500 pwedy
651 1437 689 1500 ry
705 1417 864 1500 disqynau
879 1416 960 1482 arrh
974 1440 996 1502 y
1003 1415 1102 1498 perth
1118 1415 1240 1499 (quales
1255 1439 1337 1480 nun·

176 1521 214 1584 tii
236 1519 313 1584 tibi?
339 1521 398 1585 Nil
418 1533 466 1585 est
487 1520 550 1584 nisi
572 1541 640 1582 esso
657 1519 805 1582 comitem
821 1521 953 1602 ejusque
969 1531 1067 1584 totam
1081 1531 1271 1604 potestatem
1285 1523 1338 1584 de·

175 1647 297 1707 gressos
313 1626 353 1687 ad
367 1628 504 1709 portam)
521 1633 549 1701 1,
566 1629 638 1687 253.
653 1627 765 1710 pwedy
780 1647 916 1710 ryqysou
932 1625 1060 1688 odenato
1072 1627 1254 1708 (postquam
1269 1627 1338 1688 dor-

175 1730 291 1793 mitum
316 1740 384 1792 erat
404 1732 444 1793 ab
465 1733 516 1812 eo)
534 1735 564 1804 2,
584 1735 660 1792 392:
687 1732 799 1815 pwedy
825 1751 940 1815 ryyssa
965 1751 1002 1792 or
1024 1729 1184 1813 puertiae
1205 1753 1243 1793 eu
1272 1731 1339 1793 brie

175 1839 359 1918 (postquam
372 1834 489 1898 comesi
503 1845 593 1897 erant
607 1857 626 1896 a
640 1835 760 1916 pecude
775 1834 935 1916 palmites)
951 1839 981 1910 2,
998 1840 1070 1896 373.
1089 1833 1213 1898 oderua't
1227 1833 1258 1896 ἰν
1272 1857 1338 1898 om·

74 1929 82 1940 ⁸
175 1940 439 2024 da'J‘eaurreadau
452 1939 561 2002 tertiora
569 1941 751 2022 (postquam
761 1939 845 2002 saeta
856 1938 1012 2001 defensori
1021 1939 1186 2021 promissio
1195 1931 1335 2017 testium,

173 2056 342 2128 postquam
356 2043 503 2127 promissi
519 2045 628 2124 testes)
645 2043 722 2125 Leg.
739 2048 769 2104 2.
788 2049 837 2104 11.
853 2049 904 2105 25.
936 2043 980 2104 Et
994 2053 1031 2105 ut
1045 2043 1235 2126 praepositio
1249 2067 1337 2127 prae·

174 2149 257 2212 cedit
269 2151 365 2211 etiam
375 2169 551 2231 pronomen
562 2147 789 2230 possessivum:
804 2156 906 2211 alesta
917 2147 1029 2212 1111111
1038 2147 1102 2234 huy
1112 2169 1163 2210 ere
1172 2148 1286 2233 kosael
1295 2149 1337 2234 ty

174 2277 213 2317 aa
229 2253 378 2337 llcqreds'o
392 2255 439 2333 (11
453 2263 622 2316 testaretur
637 2251 682 2316 eis
697 2273 789 2314 suam
804 2251 1032 2328 inventionem,
1047 2251 1069 2314 i.
1084 2275 1112 2315 e.
1131 2273 1163 2316 se
1179 2253 1337 2317 invenisse

175 2379 245 2421 eam
258 2357 416 2440 vitiatam)
435 2405 442 2420 .
461 2406 468 2420 .
485 2405 492 2419 .
511 2355 658 2440 othepltst
671 2356 713 2441 ty
729 2376 924 2440 meemreya
939 2379 979 2420 ar
990 2357 1068 2440 pala
1079 2357 1181 2420 sonno
1194 2361 1240 2440 (et
1249 2358 1338 2441 jurat

174 2462 244 2546 ipsa
254 2463 323 2544 ejus
335 2461 465 2538 coitum,
480 2483 554 2524 eum
565 2460 668 2544 ipsam
679 2471 838 2543 stuprasse
850 2460 911 2524 isto
922 2465 1017 2544 pene)
1031 2462 1108 2544 Lag.
1122 2467 1152 2523 2.
1167 2469 1195 2523 1.
1208 2469 1265 2537 27,
1282 2469 1333 2526 36.

173 2566 377 2651 9111111ρῆ11
390 2575 480 2629 eateu
496 2587 600 2629 ernau
615 2589 632 2628 e
645 2565 776 2648 reteque
790 2567 917 2629 anadoa
930 2565 1136 2648 (contrajuret
1147 2565 1215 2648 ipse
1227 2582 1337 2631 contra

173 2693 248 2733 eum
262 2671 331 2752 ejus
346 2669 532 2752 perjurium,
554 2670 576 2731 i.
595 2691 623 2732 e.
642 2691 715 2732 eum
726 2669 850 2752 jurasse
865 2670 1052 2753 perjurium)
1069 2673 1147 2752 Lag.
1167 2677 1196 2732 2.
1217 2678 1266 2733 11.
1283 2677 1333 2733 38.

258 2773 421 2836 Particula
435 2795 473 2858 ry
489 2795 611 2857 semper
625 2774 775 2836 adhaeret
788 2775 883 2836 verbo
897 2774 970 2858 ipsi,
987 2785 1020 2837 ot
1035 2773 1062 2836 si
1076 2775 1337 2856 infigendumest

173 2899 364 2962 pronomen,
387 2877 571 2960 praecedere
593 2879 686 2940 debet
705 2899 778 2940 cum
798 2878 962 2960 particulis
983 2879 1053 2942 aliis
1072 2903 1113 2964 y,
1138 2901 1174 2954 a,
1199 2899 1261 2962 ay:
1284 2901 1336 2944 am

173 2981 362 3068 uympra'awt
381 3003 435 3065 ψη
450 2983 628 3066 rylyqaaoys
643 2983 816 3066 symbrawt
833 2986 975 3068 (propter
989 2983 1219 3067 possessionem
1233 3005 1338 3046 meam

171 3107 224 3149 me
244 3085 401 3168 oppressit
423 3086 518 3148 frater
538 3089 643 3167 metis)
659 3087 747 3148 Mab.
768 3093 798 3162 2,
818 3093 891 3149 215.
916 3089 1027 3151 1111111·
1047 3089 1115 3172 dyd
1126 3088 1183 3172 yth
1197 3087 1337 3176 rypereis

174 3190 305 3273 (multos
317 3189 384 3252 dies
397 3190 552 3272 teamavi)
563 3195 593 3266 2,
605 3195 677 3252 218.
691 3191 841 3274 ynywlut
851 3213 910 3275 aya
920 3191 1067 3276 rywelsea‘
1073 3192 1247 3276 aitpoetfin
1256 3201 1337 3254 terra

173 3315 270 3376 quam
278 3295 421 3356 nondum
429 3293 564 3375 viderat)
575 3300 605 3371 2,
616 3299 688 3356 214.
707 3297 950 3358 Praecedenso:
961 3295 1337 3380 amoetltarpuoomoetb

172 3398 262 3484 seytlt
284 3399 389 3461 ulmal
404 3401 521 3481 (arator
543 3399 599 3482 qui
612 3398 708 3460 1111111
723 3409 826 3461 arator
840 3411 961 3482 septem
976 3403 1090 3480 annos)
1107 3401 1185 3483 Leg.
1207 3407 1235 3461 1.
1254 3405 1284 3462 2.
1305 3406 1334 3462 3.

258 3502 389 3565 Servata
404 3524 478 3585 ergo
493 3501 655 3566 invenitur
670 3503 773 3566 adhuc
788 3503 823 3565 in
839 3503 927 3566 libris
939 3504 1119 3569 memoratis
1132 3515 1256 3568 vetusta
1267 3527 1337 3588 par·

172 3607 271 3670 tieula
285 3606 447 3690 praeteriti
461 3606 569 3683 index,
584 3609 639 3670 sed
654 3607 688 3670 in
700 3607 813 3672 iisdem
823 3609 919 3671 ctiam
926 3608 995 3690 jam
1006 3609 1122 3692 depelli
1134 3610 1213 3672 solet
1225 3633 1243 3672 a
1254 3631 1337 3672 com·

171 3711 323 3775 munibus
335 3711 499 3796 particulis
512 3712 690 3775 verbalibus
700 3713 788 3798 yd,y
801 3714 864 3795 (ed,
875 3715 905 3794 a)
913 3723 945 3775 et
957 3735 988 3789 a,
1001 3734 1081 3795 quae
1094 3725 1159 3776 tam
1171 3714 1205 3776 in
1217 3725 1337 3796 praete·

170 3816 232 3880 rito
244 3839 340 3900 quam
351 3817 386 3880 in
397 3816 509 3880 ceteris
523 3817 716 3900 temporibus
728 3817 837 3881 obviae
848 3817 1073 3899 respondentes
1085 3817 1263 3881 hibernicas
1272 3839 1338 3878 non

171 3921 301 3998 habent,
319 3943 394 3984 cum
408 3922 505 3985 etiam
519 3943 560 3984 ao
574 3943 641 3985 non
656 3922 698 3985 111
712 3923 856 3985 omnium
871 3933 1060 4003 temporum.
1086 3922 1145 3984 Est
1160 3932 1267 3983 tamen
1281 3920 1337 3982 ba-

171 4047 243 4086 rum
255 4025 483 4107 particularum
498 4045 575 4088 usus
588 4035 715 4088 tantum
726 4025 761 4087 in
772 4024 908 4108 positiva
920 4025 1088 4101 sententia,
1103 4025 1159 4088 ubi
1170 4045 1236 4086 non
1248 4045 1337 4105 prae-

172 4130 291 4190 cedunt
305 4151 371 4192 non
382 4130 570 4194 intermedia
581 4129 644 4193 1111
654 4150 730 4192 voce
741 4127 915 4211 particulae
927 4127 1103 4210 negativae,
1118 4149 1290 4208 earumque
1302 4149 1339 4188 ea

172 4231 361 4308 differentia,
379 4236 463 4316 quod
483 4237 530 4319 yd
543 4237 631 4315 (ante
653 4233 786 4307 vocales,
803 4253 825 4316 y
847 4242 920 4294 ante
943 4253 1097 4294 consonas
1120 4232 1288 4294 servandas
1304 4231 1338 4292 in

172 4347 258 4399 statu
279 4335 454 4420 primitivo)
470 4339 629 4420 praecedit
644 4349 719 4402 ante
733 4337 876 4412 verbum,
895 4336 922 4400 si
937 4336 997 4399 hoe
1012 4335 1150 4420 primum
1165 4335 1270 4398 locum
1285 4337 1338 4398 ob-

174 4439 254 4504 tinet
276 4441 469 4518 sententiae,
493 4443 544 4507 vel
565 4443 677 4507 saltem
697 4453 772 4505 ante
794 4439 982 4524 subjectum,
1007 4439 1131 4503 etiamsi
1151 4441 1340 4504 antecedant
