3232 5074
297 411 344 472 Il.
364 416 394 470 4.
442 429 543 474 raon.
563 430 651 472 surr.
670 431 889 474 possessivum
906 430 1115 474 ausonensis.
1227 412 1288 472 393

126 583 194 663 tua)
213 586 243 655 3,
264 583 335 641 192.
361 581 422 642 deu
430 579 532 662 parth
547 602 585 664 oy
601 589 660 646 oet.
678 579 869 661 adceperit
883 601 904 663 y
921 589 971 643 teu
986 579 1094 652 disten
1110 581 1206 661 (duae
1220 601 1291 662 par-

126 697 173 748 tes
188 705 278 746 meae
293 685 405 748 aetatis
420 696 453 748 et
468 687 550 750 duae
564 697 669 769 partes
686 687 772 765 tuae)
790 691 820 762 2,
840 690 913 747 202.
931 685 1077 767 panedol
1087 707 1138 770 yw
1152 707 1173 769 y
1190 693 1241 748 teu
1256 684 1294 748 ca·

126 792 221 871 (quae
243 787 407 852 meditatio
429 798 477 850 est
500 799 564 865 tua,
590 798 638 852 est
660 789 717 852 tibi
725 789 751 872 ἲ)
769 796 807 866 2,
829 797 878 854 13.
910 791 995 854 Cum
1008 813 1106 874 pron.
1131 811 1287 873 possess:

119 916 169 976 po
183 895 289 958 nedwl
299 915 350 978 yw
365 895 407 978 dy
425 902 474 956 ten
491 893 527 956 di
541 900 571 970 2,
592 901 643 957 63.

24 989 25 992 ¹
213 1001 307 1062 EID:
333 1021 366 1062 oo
385 999 455 1083 lydi
468 999 626 1085 ayynhely
640 1024 661 1084 y
679 1001 889 1086 llomhystoen
903 1023 947 1086 yn
964 1001 1030 1064 eidi
1043 1001 1080 1066 ln'
1094 1004 1186 1086 dyret
1200 1010 1293 1085 rnyot

22 1139 30 1152 ·
125 1130 146 1191 y
168 1127 293 1191 ymwon
315 1127 335 1166 a
356 1104 438 1168 mini
452 1104 493 1184 (si
513 1106 655 1187 postulas
676 1105 783 1168 nisum
804 1117 842 1169 ut
862 1107 941 1190 ejus,
959 1108 1095 1191 puellae,
1113 1106 1288 1190 proprium,

126 1212 252 1274 veniet
274 1233 384 1293 pugna
402 1215 541 1291 meeum)
558 1211 645 1272 Mab.
666 1215 702 1285 2,
723 1218 772 1274 ιι.
796 1235 818 1296 y
840 1233 910 1276 mne
931 1235 952 1296 y
976 1212 1120 1276 breiohen
1142 1212 1229 1296 Itynn
1252 1233 1293 1274 ar

127 1320 300 1402 dwynronn
311 1339 355 1400 yn
371 1315 452 1378 nolli
465 1315 526 1378 olet
540 1337 561 1378 a
576 1315 775 1400 milwryaeth
790 1316 931 1402 kymeint
944 1340 983 1380 ae
994 1319 1076 1382 aood
1087 1317 1198 1382 eidnnt
1208 1320 1292 1400 (per-

127 1424 210 1486 dunt
229 1421 357 1486 brachia
377 1420 455 1484 haee
470 1431 502 1483 et
518 1432 645 1504 pectora
658 1421 793 1504 gloriam
808 1433 840 1484 et
855 1422 1006 1486 virtutem
1022 1433 1155 1499 tautam,
1173 1433 1294 1506 quanta
1324 1409 1330 1418 ⁵

127 1539 195 1590 erat
209 1549 279 1603 sua,
297 1537 364 1590 erat
378 1547 486 1588 eorum
501 1526 642 1610 propria)
659 1532 689 1603 2,
709 1534 760 1589 35.
793 1528 878 1591 Cum
891 1527 1041 1591 articulo:
1053 1549 1103 1610 po
1117 1549 1186 1614 ryw
1200 1549 1293 1611 noyer

127 1654 178 1718 yn
202 1654 243 1717 yr
263 1631 364 1694 eidaw
385 1632 430 1716 ef.
453 1631 512 1695 tet
533 1653 554 1715 y
577 1631 709 1696 brenhin
731 1632 839 1715 (quale
859 1633 1024 1716 negotium
1044 1644 1093 1697 est
1112 1654 1218 1711 suum,
1243 1643 1293 1696 est

128 1737 215 1821 ejus?
238 1735 321 1800 dixit
339 1739 408 1816 rex)
426 1743 456 1811 3,
475 1742 526 1798 83.
547 1747 761 1822 yooynasaant
778 1737 863 1802 idon
879 1741 1052 1820 padanar
1066 1740 1126 1802 oed
1137 1761 1178 1825 yr
1192 1739 1293 1802 eidam

129 1842 369 1926 (quaesiverunt
387 1864 427 1905 ex
447 1865 495 1918 eo,
513 1843 598 1924 quod
616 1843 785 1906 eonsilium
800 1855 882 1906 esset
898 1866 1003 1919 suurn,
1022 1844 1099 1926 quid
1114 1845 1293 1908 faciendum

127 1953 266 2032 pararet)
284 1955 314 2025 3,
334 1955 385 2010 85.
409 1957 516 2032 mynet
535 1971 556 2032 y
580 1949 698 2032 edryeh
708 1949 865 2030 ponedwl
875 1972 926 2033 yw
940 1971 980 2033 yr
995 1949 1105 2012 eidnnt
1119 1951 1177 2030 (ire
1193 1951 1233 2012 ad
1248 1949 1294 2012 vi-

127 2055 280 2130 dendum,
306 2055 390 2137 quod
410 2053 579 2118 eonsilium
601 2053 643 2116 sit
665 2075 771 2129 suum,
796 2058 919 2135 eorum)
937 2061 967 2130 3,
986 2060 1038 2116 82.
1063 2063 1121 2140 nyt
1142 2057 1201 2118 oed
1219 2055 1296 2117 olwe

129 2159 248 2242 deyoolr
271 2181 330 2222 nor
350 2159 416 2222 eidi
430 2163 509 2240 (non
525 2169 592 2222 erat
610 2170 756 2242 aspectus
771 2159 944 2243 pulchrior,
962 2181 1058 2241 quam
1073 2181 1162 2236 suus,
1180 2159 1293 2242 ipsiuS,

129 2265 267 2348 puellae)
286 2270 321 2341 2,
341 2271 413 2328 218.
446 2267 530 2328 Cum
550 2285 641 2348 pron.
659 2285 812 2347 possess:
837 2264 918 2327 mini
938 2265 1069 2348 ndodof
1083 2265 1240 2350 oyyleorff
1250 2288 1295 2350 yn

130 2371 226 2456 erbyn
247 2394 268 2456 y
291 2371 392 2434 eidnw
406 2371 565 2454 ynllnwen
578 2373 650 2452 (ego
666 2369 747 2432 dabo
762 2391 875 2452 eorpus
890 2390 997 2431 meum
1013 2369 1047 2431 in
1062 2370 1295 2454 oppositionem

19 2465 26 2478 ’
129 2475 229 2560 ipsius
251 2475 369 2558 proprii
390 2475 539 2556 libenter)
557 2480 586 2549 3,
611 2481 680 2536 ¹96.
707 2475 818 2559 ywedy
842 2496 999 2558 yonesyyn
1020 2497 1041 2558 y
1065 2475 1142 2538 wlot
1162 2497 1183 2558 y
1200 2475 1295 2558 yrol-

132 2581 236 2666 dyolt'n
262 2580 405 2645 owrtaetlt
427 2603 491 2664 yny
514 2581 574 2642 oed
590 2603 655 2664 yny
677 2580 778 2642 aidano
799 2581 839 2663 ef
855 2583 1037 2664 (postquam
1059 2579 1175 2642 invasit
1195 2579 1296 2662 regio·

131 2708 217 2762 nem,
232 2685 388 2749 dominari
403 2685 506 2768 eoepit
521 2686 619 2747 donee
636 2697 718 2748 esset
733 2708 791 2748 sua
805 2685 942 2768 propria,
957 2685 992 2746 in
1007 2683 1075 2767 ejus
1090 2683 1296 2768 proprietate)

133 2799 164 2868 3,
188 2796 259 2852 211.

218 2897 314 2958 EIN:
341 2896 409 2957 dno
430 2895 559 2959 nonant
575 2897 647 2958 dnn
663 2917 702 2960 or
717 2895 821 2980 einym
835 2905 955 2982 yennyt
968 2899 1089 2977 (sumas
1103 2894 1297 2958 benedictio·

131 3024 206 3066 nem
221 3000 272 3063 dei
287 3011 319 3063 et
333 3013 474 3064 nostram
490 3001 565 3076 tibi;
583 3000 642 3077 a’r,
659 3000 749 3064 artie.
766 3023 799 3084 p.
819 3005 894 3084 240)
908 3001 995 3064 Mab.
1013 3005 1042 3077 2,
1059 3005 1131 3062 236.
1150 3023 1170 3062 α
1185 3002 1298 3085 wyrda

125 3108 298 3189 padorpar
316 3127 367 3190 yw
387 3127 428 3190 yr
449 3106 569 3170 nnnoh
591 3106 673 3170 ehwi
690 3127 756 3191 yno
772 3105 845 3186 (viri
866 3105 953 3182 boni,
971 3115 1052 3188 quae
1074 3105 1234 3169 institutio
1249 3116 1298 3168 est

133 3221 237 3276 vestra
252 3201 315 3287 hie,
334 3211 410 3293 quid
425 3211 477 3274 hio
492 3211 632 3295 incipitis
638 3209 665 3294 l)
683 3215 713 3287 2,
733 3216 785 3272 62.

412 3447 459 3508 Π.
507 3445 701 3508 Pronomina
715 3445 891 3528 possessivo
906 3446 1015 3510 infixa.

220 3631 310 3695 Inter
325 3631 523 3695 substantiva
538 3631 740 3694 intercedunt
754 3641 786 3693 et
801 3631 1047 3714 praepositiones
1063 3633 1112 3695 vel
1127 3634 1298 3718 particulas

133 3739 354 3820 praecedentes
382 3737 566 3800 terminatas
593 3719 769 3811 localibus,
793 3733 953 3800 interdum
978 3749 1010 3800 et
1035 3737 1175 3820 liquidis,
1202 3761 1230 3800 e.
1248 3760 1296 3820 gr.

133 3863 240 3926 praep.
259 3843 376 3905 cambr.
394 3865 449 3927 yn,
468 3857 581 3905 annor.
600 3864 649 3917 en,
667 3862 747 3923 quae
769 3843 853 3904 fiunt
874 3865 907 3925 y,
925 3866 952 3919 e,
970 3845 1087 3906 eambr.
1107 3842 1165 3906 eir.
1198 3841 1300 3905 Solita

133 3957 181 4010 est
196 3947 351 4029 separatio
367 3947 463 4010 etiarn
479 3947 592 4010 horum
607 3947 832 4029 pronominum
847 3969 912 4009 una
927 3969 1001 4008 eum
1014 3947 1178 4029 particulis
1193 3967 1212 4007 a
1227 3947 1300 4008 sub·

134 4052 280 4114 stontivis
296 4053 373 4129 suis,
391 4064 429 4116 ut
443 4053 615 4116 infixorum
630 4052 845 4134 personalium
859 4073 879 4112 a
894 4052 1008 4114 verbis.

223 4163 251 4216 1.
285 4159 402 4220 Pron.
428 4179 605 4240 possess.
629 4157 800 4220 infixum
825 4163 853 4217 1.
871 4175 976 4238 perr.
1010 4155 1100 4238 Sing.
1126 4157 1243 4218 cambr.
1262 4157 1300 4221 M

137 4264 224 4340 (non
251 4260 411 4337 inficiens,
440 4273 478 4324 ut
503 4285 524 4324 n
550 4283 641 4345 pron.
666 4262 751 4344 plur.
776 4271 809 4323 et
829 4259 1007 4342 personalia
1029 4261 1139 4322 eadem
1161 4260 1298 4341 infixa):

136 4365 236 4452 ydont
257 4365 283 4428 a·
308 4386 361 4449 ym
381 4365 514 4430 keraaaw
536 4366 666 4448 (venisti
685 4368 726 4429 ad
746 4387 850 4428 meam
871 4363 1163 4448 investigationem,
1189 4366 1229 4428 ad
1250 4385 1302 4427 me

134 4471 352 4556 quaerendum
360 4495 370 4546 ;
387 4495 408 4556 y
423 4503 467 4534 a
479 4471 525 4547 di,
540 4471 664 4535 hibern.
679 4473 732 4553 do)
745 4471 833 4534 Mab.
852 4478 863 4532 l
870 4517 880 4547 ,
897 4475 948 4534 25.
966 4471 1039 4534 mab
1054 4469 1135 4534 iarll
1145 4491 1199 4555 ym
1215 4469 1304 4534 eroli
