3218 5068
318 394 379 458 528
464 394 532 458 ΙΙΙ.
551 397 581 456 2.
613 411 715 457 veum
731 411 1086 498 amnemamnem.
1103 411 1146 456 nr
1160 411 1328 457 elamore.

403 565 439 629 si
465 561 645 626 infinitivus
663 561 781 646 passivi
803 563 961 646 dependet
979 563 1019 626 ab
1040 561 1104 626 alio
1124 562 1235 638 verbo,
1259 583 1289 624 e.
1306 583 1355 645 gr.
1377 583 1482 646 posse,

195 659 199 668 ¹
316 671 377 734 hoc
397 669 503 754 ipsum
524 667 701 731 britannice
717 667 824 730 induit
837 668 954 730 formas
968 667 1122 750 passivas,
1139 688 1168 730 e.
1185 688 1234 750 gr.
1252 667 1424 730 cambrice:
1448 667 1487 730 κε’

316 774 391 838 ellir
413 773 532 838 erudias
548 775 627 854 (uon
641 782 747 856 potest
761 771 921 856 impediri)
936 774 1015 856 leg.
1035 777 1065 835 2.
1086 780 1137 836 11.
1156 779 1208 836 35.
1233 771 1366 858 ppellir
1380 773 1483 856 dyrac-

317 881 375 943 dut
389 877 439 943 idi
450 901 471 962 y
488 877 539 941 bot
551 897 595 962 yn
606 875 771 962 deokosor
778 878 933 960 qwraqed
942 879 1061 960 (potest
1072 878 1135 941 dici
1146 879 1187 942 de
1197 899 1246 955 ca,
1260 899 1329 941 esse
1340 897 1412 940 eam
1422 877 1483 938 sor·

316 983 527 1048 mosissimam
538 1004 556 1044 e
567 981 767 1064 mulieribus)
776 983 865 1045 Mab.
877 989 905 1058 1,
920 987 970 1046 17.
984 1003 1055 1067 ary
1068 981 1181 1066 tholey
1192 982 1485 1064 mackawearyant

316 1087 399 1152 wrtd
416 1088 554 1172 yadwyn
576 1095 703 1171 amant.
727 1087 796 1150 mol
813 1107 857 1150 nc
876 1085 951 1149 ellir
965 1108 1004 1150 en
1014 1087 1145 1170 polana
1159 1086 1208 1168 (in
1223 1087 1329 1170 lepide
1344 1095 1393 1149 est
1407 1085 1484 1148 lanx

316 1203 466 1274 argentea
480 1213 553 1255 cum
568 1203 680 1255 catena
694 1203 854 1274 argentea,
868 1212 910 1254 ne
924 1190 1049 1274 possint
1063 1191 1214 1276 separari)
1230 1199 1259 1268 1,
1275 1197 1307 1253 8.
1325 1189 1353 1255 tr'
1365 1191 1485 1253 awdost

316 1319 361 1361 na
375 1297 449 1360 ellir
463 1297 588 1381 1311ηαὶ
596 1297 638 1380 dy
647 1293 779 1380 meeth
792 1293 829 1357 di
838 1315 956 1378 numyn
967 1317 985 1357 o
996 1294 1184 1380 oilwryaetl
1195 1319 1234 1359 uc
1245 1317 1347 1358 arueu
1359 1295 1410 1376 (tu
1422 1294 1481 1358 scis

317 1403 403 1486 quod
423 1423 490 1464 non
510 1400 611 1484 possit
625 1398 751 1463 defendi
765 1397 944 1462 dominium
959 1409 1052 1463 tuum
1066 1400 1129 1464 nisi
1143 1400 1262 1464 virtute
1276 1410 1309 1462 et
1323 1399 1434 1480 armis)
1452 1407 1480 1476 1,

321 1511 372 1568 19.
395 1505 519 1590 menepr'
536 1514 591 1570 not
609 1528 631 1590 y
649 1503 822 1568 tiarllaect
840 1525 885 1587 yn
905 1506 1007 1569 weda.
1025 1527 1065 1568 ac
1078 1527 1123 1570 na
1137 1505 1206 1570 ellit
1218 1527 1240 1590 y
1255 1503 1398 1589 odynnal
1409 1513 1484 1588 eryt

317 1610 450 1674 ouarod
465 1631 504 1673 ae
522 1632 622 1684 arucu
636 1607 857 1694 amilwryaetd
873 1606 980 1688 (dixit,
998 1608 1169 1686 comitissa,
1187 1610 1273 1692 quod
1288 1619 1370 1672 esset
1385 1607 1483 1672 comi·

317 1727 403 1780 tatus
425 1737 502 1780 suus
524 1736 591 1778 non
612 1714 772 1790 defensus,
790 1723 823 1776 et
844 1712 930 1796 quod
951 1711 1053 1796 possit
1072 1714 1189 1778 servari
1210 1713 1341 1778 nonnisi
1355 1735 1437 1796 equo
1452 1724 1484 1776 et

201 1865 207 1880 .
317 1820 413 1884 armis
439 1831 471 1884 et
496 1819 628 1901 virtute)
646 1825 683 1895 1,
703 1823 754 1880 21.
787 1815 908 1880 Eodem
933 1819 1028 1881 modo
1049 1818 1191 1882 cornice:
1217 1818 1324 1904 pyller
1344 1841 1366 1902 y
1388 1819 1484 1882 weles

317 1927 436 2008 (potest
452 1923 562 2006 videri)
575 1924 610 1986 in
624 1945 720 2006 supra
734 1931 907 1986 memorato
922 1923 1078 2006 exemplo.
1104 1921 1272 1986 Invenitur
1285 1921 1398 1985 similis
1410 1943 1482 1986 con·

316 2028 449 2092 structio
469 2029 557 2092 verbi
571 2029 688 2092 cambr.
706 2049 826 2112 myrena
841 2027 967 2109 (velle):
991 2047 1028 2088 or
1042 2027 1171 2111 mymrir
1184 2049 1223 2110 ry
1238 2035 1337 2110 nycol
1350 2027 1393 2109 (si
1406 2027 1484 2090 libet

316 2131 418 2196 veniri
438 2154 456 2194 a
477 2153 539 2210 me,
558 2130 586 2194 si
606 2131 721 2216 placet,
738 2131 862 2207 volunt,
880 2152 931 2194 me
951 2131 1073 2214 venire)
1089 2132 1177 2196 Mab.
1198 2137 1227 2207 1,
1247 2135 1320 2194 250.
1344 2153 1450 2216 pyros·
1461 2153 1483 2216 y

316 2236 495 2322 mynnaaer't
505 2258 547 2320 uy
559 2235 632 2298 rodi
641 2234 656 2297 1
665 2235 749 2298 idaw
761 2236 824 2318 (vir
835 2235 887 2299 cui
898 2235 967 2299 dari
977 2257 1029 2298 me
1041 2236 1236 2318 voluerunt),
1250 2257 1326 2299 mox
1337 2257 1435 2320 supra
1447 2235 1483 2299 in

316 2341 486 2428 praeterito
518 2339 714 2406 secundario.
757 2340 843 2404 Sunt
868 2339 965 2404 etiam
990 2341 1198 2404 conferendae
1222 2359 1297 2402 oum
1322 2339 1483 2404 infinitivo

317 2455 517 2511 constructae
539 2445 656 2509 formae
678 2443 821 2528 passivae
836 2447 1004 2510 verborum
1017 2445 1222 2508 auxiliarium
1233 2443 1479 2529 prorumpam,

314 2558 508 2636 perucpwyt,
527 2571 662 2634 quomm
677 2550 822 2634 exempla
836 2549 920 2614 infra
934 2549 1017 2612 inter
1031 2551 1179 2614 anomala
1193 2559 1378 2634 sequentur.

402 2657 455 2718 Ad
469 2653 713 2738 significandum
734 2654 941 2740 praeteritum
962 2655 1091 2718 additur
1111 2653 1267 2738 particula
1287 2677 1346 2740 ry:
1370 2656 1481 2741 proedy

318 2782 434 2846 myssa
456 2781 493 2823 or
511 2759 672 2842 pwcrtdec
693 2780 732 2822 eu
753 2759 820 2822 bric
841 2761 1024 2843 (postquam
1045 2769 1143 2822 erant·
1158 2759 1274 2822 comesi
1294 2759 1442 2843 palmites
1464 2783 1483 2823 a

317 2867 455 2950 pecore),
466 2865 578 2948 proedy
592 2883 709 2948 muron
723 2883 759 2926 or
774 2863 921 2947 dyneroyt
935 2866 1118 2948 (postquam
1131 2873 1199 2927 erat
1216 2885 1378 2928 comesum
1397 2887 1417 2928 a
1438 2863 1482 2928 vi-

318 2969 406 3046 tulis,
425 2970 578 3049 stramen)
595 2969 682 3030 Mab.
703 2971 738 3044 2,
757 2973 831 3029 373.
850 2973 923 3031 371.
946 2971 1058 3054 proedy
1080 2989 1217 3055 epypam
1237 2969 1369 3034 chonam
1384 2971 1484 3052 (post.

318 3095 414 3157 quam
429 3071 602 3137 dormitum
616 3081 683 3136 erat
697 3073 737 3137 ab
752 3075 803 3155 eo)
821 3076 851 3152 2,
861 3077 944 3164 1392.

778 3310 1023 3395 Participia.

406 3495 491 3558 Sunt
511 3493 628 3558 formae
648 3494 844 3559 britannicae
858 3495 1004 3579 propriae
1019 3505 1145 3560 anum
1159 3495 1399 3582 participiorum
1413 3519 1484 3584 pes·

320 3599 390 3676 siri,
408 3609 446 3661 ut
463 3597 653 3675 hibernicae,
671 3599 832 3682 praeteriti
846 3599 967 3664 scilicet
981 3610 1014 3663 et
1028 3600 1138 3664 firturi.
1171 3602 1213 3664 In
1227 3601 1332 3666 activo
1345 3603 1484 3686 peculia·

319 3703 362 3768 ris
384 3703 484 3767 formo
501 3703 659 3788 participii
674 3703 804 3767 omnino
817 3725 885 3768 non
899 3703 1063 3767 invenitur
1075 3715 1109 3768 et
1122 3706 1207 3788 quod
1221 3705 1420 3790 frequentius
1434 3727 1484 3770 oo-

320 3809 419 3873 currit
450 3807 654 3891 participium
686 3807 861 3889 praesentis
894 3807 990 3872 activi
1015 3807 1300 3874 circumscribendo
1325 3811 1485 3874 indicatur

320 3917 367 3996 (p.
387 3915 475 3995 522).

405 4015 570 4100 Partieipii
595 4015 756 4100 praeteriti
781 4015 899 4100 passivi
924 4018 1025 4082 forma
1049 4019 1206 4084 cambrioe
1231 4027 1357 4084 vetrrsta
1380 4019 1484 4084 ETIC

320 4119 443 4203 (addita
463 4122 504 4183 ad
526 4129 617 4183 term.
635 4129 688 4198 -et,
707 4141 788 4203 quae
808 4121 928 4185 sufficit
946 4122 1057 4186 ceteris
1079 4123 1233 4200 dialectis,
1250 4123 1389 4207 amplius
1403 4123 1485 4187 deri-
1579 4139 1580 4156 ³

320 4224 447 4288 vatione
470 4223 544 4304 -r'c):
569 4223 702 4288 domem
717 4225 775 4307 (31.
793 4225 958 4308 domitus),
977 4225 1085 4290 timebo
1098 4227 1157 4310 (31.
1174 4227 1327 4308 tinctus),
1344 4227 1486 4312 malque-

319 4329 399 4392 retr'o
424 4328 482 4411 (31.
506 4329 688 4410 deceptus),
713 4327 975 4411 dr‘yuolour‘cdetr‘c
994 4331 1053 4414 (31.
1076 4331 1234 4415 proditus)
1255 4331 1339 4395 inter
1363 4331 1487 4415 glooem

320 4431 426 4495 Onon.
450 4431 654 4496 Mamaeae
669 4431 727 4515 (31.
745 4433 963 4518 semigiletis),
987 4435 1148 4500 dodoons'o
1162 4435 1220 4519 (31.
1238 4434 1387 4517 inlatam)
1402 4435 1489 4500 inter
