3204 5084
276 417 378 476 XLVI
767 431 964 476 ruarrsmo.

278 585 409 669 tiosus‚
446 583 547 679 angl.
576 595 609 658 to
632 587 755 666 suive,
792 584 971 681 altercari)
997 587 1018 655 7
1024 585 1063 668 3,
1099 586 1142 668 4,
1180 585 1310 657 boclers
1335 583 1447 680 (angl.

281 703 537 798 6111611174,
561 703 602 785 2,
633 715 790 799 troytour
815 703 926 799 (angl.
949 705 1084 800 irritor)
1111 703 1178 786 98,
1209 703 1243 780 3.
1266 701 1353 798 soa,
1366 701 1454 798 susc

279 821 393 917 (angl.
404 818 509 916 sace.
532 817 654 916 facies)
676 823 737 905 95,
762 822 798 895 3.
825 823 908 905 196,
933 821 968 900 3,
997 821 1097 892 etin
1121 821 1202 892 aliis
1226 821 1317 892 locis
1335 821 1454 892 multa

279 939 369 1022 ulia,
391 947 435 1010 ut
452 939 592 1033 deme
613 939 657 1032 (tc
676 939 819 1036 desire),
849 938 1035 1036 comfortre
1060 935 1316 1036 (ercamserta),
1338 963 1454 1012 recena

284 1056 501 1154 (toireceice),
523 1079 669 1128 manner
688 1057 854 1155 (mnae)
874 1067 945 1130 etc.

381 1175 550 1270 Dignum
568 1184 623 1245 est
640 1184 854 1260 memoratu,
877 1177 917 1248 in
930 1201 1066 1273 magna
1077 1185 1182 1270 parte
1199 1175 1286 1247 libri
1299 1174 1448 1256 vetusti,

279 1293 345 1386 qui
369 1291 542 1386 auspiciis
568 1293 735 1388 anglicae
753 1296 935 1368 societatis
953 1296 1178 1367 edendorum
1197 1301 1454 1365 monumento-

278 1436 362 1484 rum
378 1409 516 1504 prodiit
534 1410 629 1483 1838
649 1413 717 1484 sub
736 1413 845 1486 titulo
860 1415 962 1486 “Tm
975 1415 1119 1486 Record
1131 1399 1173 1485 of
1180 1411 1449 1494 Caernarvon'',

280 1531 385 1626 cujus
402 1528 504 1622 origo
522 1537 578 1600 est
594 1529 731 1601 saeculi
758 1531 881 1623 quarti
898 1533 1049 1616 decimi,
1078 1530 1247 1624 quamvis
1262 1537 1454 1602 enumerat

280 1648 448 1742 regiones
465 1655 504 1718 et
520 1646 601 1718 loca
620 1649 820 1732 cambrica,
850 1651 1016 1722 obtinere
1041 1650 1342 1746 orthographiam
1365 1672 1453 1720 ean-

280 1769 364 1838 dem
382 1785 478 1856 quae
496 1764 609 1835 estin
626 1767 787 1838 cmurine
805 1769 969 1848 comico,
1004 1769 1187 1841 cornisam
1203 1791 1292 1863 ergo
1308 1793 1331 1839 a
1348 1775 1454 1840 nota-

280 1884 335 1956 rio
353 1881 510 1964 cornico,
532 1890 576 1954 ut
592 1883 750 1966 videtur,
780 1886 1004 1970 adhibitam,
1036 1909 1069 1960 e.
1097 1910 1153 1982 gr.
1184 1911 1207 1958 a
1223 1911 1262 1980 p.
1289 1887 1305 1957 1
1335 1909 1452 1978 usque

281 2005 329 2075 ad
344 2023 383 2096 p.
407 2000 477 2082 92,
508 2000 574 2072 ubi
600 2011 727 2073 contra
752 2003 935 2076 cambrica
958 2004 1110 2098 incipit,
1142 2014 1186 2076 ut
1203 2005 1368 2099 Blcddyn
1386 2029 1453 2098 pro

281 2119 457 2214 Blerrya,
487 2119 567 2190 coca
595 2143 661 2212 pro
680 2121 783 2216 coph,
812 2122 945 2216 6311111111
962 2147 1028 2217 pro
1047 2125 1199 2220 bogdan,
1230 2125 1367 2220 baylon
1389 2121 1449 2216 (cf.

281 2265 319 2335 p.
335 2239 418 2310 161.
436 2236 519 2307 169.
536 2235 632 2330 173).
662 2237 836 2310 Altemat
852 2251 1009 2333 utraque
1026 2242 1138 2313 etiam
1154 2243 1194 2313 in
1208 2242 1289 2313 aliis
1302 2250 1454 2312 conten-

283 2359 329 2430 tis
347 2357 386 2428 in
404 2355 533 2426 eadem
550 2353 729 2440 editione,
752 2381 785 2428 e.
807 2382 862 2453 gr.
882 2361 1028 2432 cornice
1040 2361 1127 2432 inde
1145 2385 1168 2432 a
1183 2385 1222 2454 p.
1249 2361 1332 2442 138,
1355 2383 1454 2431 cam·

282 2476 384 2549 brice
400 2473 441 2544 in
458 2495 497 2565 p.
521 2472 592 2542 257
613 2472 653 2542 in
671 2475 798 2547 charta
815 2477 979 2548 Eduardi
997 2479 1073 2550 III.

386 2588 589 2663 Codices
621 2593 844 2665 armorici.
897 2597 929 2666 1.
959 2595 1192 2668 Chartularia
1217 2595 1456 2668 monasterio-

282 2737 366 2788 rum
390 2707 632 2782 vetustiorum
649 2721 736 2784 sunt
753 2713 997 2784 Rhedonense
1014 2714 1074 2785 vel
1090 2714 1226 2786 rectius
1244 2713 1455 2785 Rotonense

287 2831 346 2930 (cf.
367 2855 406 2923 p.
429 2827 527 2920 105),
549 2831 793 2920 praestantius
811 2831 941 2903 ceteris
957 2841 996 2903 et
1009 2855 1145 2927 magna
1161 2831 1354 2904 nominum
1370 2853 1455 2924 pro-

283 2951 447 3048 priorum
465 2943 571 3038 copia
586 2944 773 3026 refertum.
796 2957 834 3022 et
851 2951 1193 3022 Landevenecense.
1231 2949 1339 3022 Illius
1356 2973 1456 3020 com-

284 3067 503 3168 positionem
521 3085 542 3132 e
560 3063 695 3136 chartis
706 3069 916 3140 monasterii
928 3069 1081 3140 vetustis
1098 3069 1284 3164 inceptam
1301 3067 1455 3140 ineunte

285 3185 429 3266 saeculo
447 3180 642 3252 undecimo
668 3184 727 3254 vel
743 3185 896 3257 finiente
920 3187 1062 3258 decimo
1087 3195 1125 3259 et
1141 3187 1284 3258 finitam
1302 3187 1399 3258 circa
1416 3209 1450 3258 a.

289 3313 384 3385 1162
412 3307 569 3382 affirmat
594 3308 758 3380 Courson
788 3306 828 3376 in
863 3327 972 3398 opere
997 3307 1043 3376 de
1065 3305 1212 3399 populis
1239 3305 1455 3378 britannicis

284 3429 478 3523 inscripto:
499 3425 685 3500 “Histoire
703 3425 767 3495 des
784 3421 936 3516 peuples
952 3423 1106 3495 Bretons
1119 3425 1210 3496 dans
1227 3424 1265 3496 la
1278 3424 1399 3496 Gaule
1418 3431 1456 3495 et

285 3553 377 3623 dans
394 3549 447 3620 les
464 3545 531 3618 iles
548 3543 814 3634 britanniques.
837 3540 941 3612 Paris
953 3542 1087 3626 1846”,
1105 3543 1253 3614 intorno
1267 3544 1348 3636 1,p.
1363 3542 1450 3624 393,

286 3678 364 3742 not.
391 3669 422 3751 1,
446 3666 774 3738 Landevenecense
792 3669 915 3732 autem
929 3659 1081 3732 ineunte
1098 3661 1243 3734 saeculo
1260 3659 1456 3732 undecimo

287 3787 464 3881 scriptum
494 3807 571 3856 esse
601 3791 725 3853 censet
752 3779 849 3851 Dom
880 3779 1020 3850 Morioe
1051 3779 1091 3850 in
1119 3803 1228 3873 opere
1257 3777 1451 3872 inscripto:

284 3903 510 3976 “Memoires
535 3923 629 3994 pour
654 3899 767 3970 servir
793 3899 839 3969 de
864 3920 1018 3992 preuves
1044 3897 1263 3969 dl’histoire
1286 3895 1456 3968 ecclesia-

287 4025 407 4115 stique
420 4030 458 4093 et
469 4020 576 4092 civile
589 4021 634 4090 de
647 4019 844 4112 Bretagne.
875 4016 959 4086 Par.
982 4015 1098 4086 174?
1118 4015 1158 4086 in
1171 4023 1259 4086 tom.
1278 4016 1310 4096 I,
1329 4039 1361 4085 c.
1384 4016 1452 4086 177

292 4141 350 4238 (of.
373 4142 500 4214 Cours.
533 4139 569 4221 1,
599 4161 636 4231 p.
659 4137 745 4218 422,
776 4144 852 4206 not.
880 4133 924 4228 1).
971 4133 1029 4204 Ex
1055 4133 1100 4204 iis
1129 4119 1334 4226 quaesunt
1361 4132 1457 4227 typis

288 4261 481 4353 impressa,
518 4255 759 4328 inveniuntur
790 4252 830 4322 in
860 4251 918 4322 his
946 4252 1035 4346 ipsis
1063 4253 1184 4336 libris,
1218 4253 1318 4344 apud
1340 4251 1457 4322 Cour-

288 4401 354 4449 son
377 4376 418 4446 in
445 4373 710 4469 appendicibus
738 4371 817 4466 ejus
841 4370 960 4463 operis
987 4369 1077 4442 tomi
1102 4368 1213 4463 primi
1241 4379 1278 4442 et
1304 4367 1456 4442 secundi

292 4493 395 4588 (mihi
413 4493 534 4564 Rhed.
561 4491 574 4562 1
600 4493 658 4564 vel
676 4493 711 4582 2)
737 4499 775 4562 et
797 4489 896 4581 apud
915 4489 1010 4558 Dom
1029 4487 1170 4560 Morice
1193 4487 1234 4558 in
1252 4488 1358 4560 Actis
1382 4487 1458 4560 bri-
