3104 5078
346 403 394 466 ΙΙ.
414 406 445 468 2.
484 419 740 470 nsenrssnrorus
757 417 965 468 numerosa
979 417 1067 464 orno
1081 415 1195 462 raros.
1290 393 1353 462 243

513 688 687 760 CAPUT
726 685 1026 764 SECUNDUM.

559 890 618 966 De
635 887 793 964 nominis
810 887 979 964 flexione.

450 1091 482 1162 Ι.
539 1089 724 1166 Nomen
758 1087 1089 1163 hibernicum.

618 1287 659 1349 A.
692 1283 928 1350 Declinatio.

277 1485 320 1552 In
334 1493 460 1550 vetusta
473 1483 585 1566 ungue
599 1481 772 1558 hibernica,
786 1503 867 1565 quae
881 1481 1053 1550 formarum
1067 1475 1206 1548 nominis
1221 1477 1354 1545 mnata-

194 1599 259 1656 tem
280 1609 429 1676 magnam
450 1586 585 1656 servavit
604 1607 703 1668 eaque
724 1586 818 1668 longe
833 1595 962 1668 superat
975 1583 1071 1647 etiam
1086 1581 1228 1664 ejsudem
1242 1583 1354 1647 aetatis

194 1691 393 1766 cambrieam,
411 1701 460 1753 est
479 1689 598 1772 duplex
618 1687 799 1759 declinandi
816 1690 903 1766 ordo,
922 1709 1058 1771 quorum
1071 1686 1157 1770 prior
1172 1688 1212 1750 ob
1225 1707 1354 1771 pracva-

192 1796 295 1859 lentes
320 1793 355 1860 in
380 1793 568 1864 flexionibus
589 1793 713 1859 vocales
732 1792 834 1876 possit
853 1791 917 1860 diei
941 1791 1098 1859 voealieus
1106 1837 1116 1868 ,
1140 1791 1294 1874 posterior
1314 1792 1354 1855 ob

191 1899 409 1982 praevalentes
442 1918 596 1964 consonas
621 1896 877 1968 consonantiam.
919 1897 972 1962 Ad
997 1895 1090 1961 illum
1114 1894 1275 1978 pertinent
1301 1895 1354 1958 ad·

186 2003 315 2088 jectiva,
334 2023 415 2086 quae
429 2023 495 2066 non
509 2001 673 2084 proprium
686 2001 818 2064 modurn
832 2009 1020 2084 sequuntur,
1034 1999 1121 2062 utin
1136 1999 1206 2062 aliis
1221 1997 1352 2082 linguis,

192 2129 220 2171 e.
238 2128 286 2190 gr.
309 2106 489 2190 germanica
511 2115 543 2169 et
564 2105 697 2180 slavica3
721 2105 876 2191 posterior
898 2106 974 2168 ordo
999 2103 1145 2188 proprius
1168 2111 1217 2165 est
1237 2101 1354 2166 solum·

190 2213 285 2276 modo
300 2210 517 2287 substantivis,
531 2231 591 2274 nee
602 2221 668 2273 tam
679 2209 854 2273 numerosis
867 2231 963 2292 quam
977 2208 1012 2272 in
1026 2209 1140 2292 prloro.
1166 2208 1208 2270 In
1219 2217 1353 2290 utroque

192 2317 301 2381 ordine
320 2316 444 2379 vocales
466 2313 641 2378 flexionum
661 2323 738 2376 sunt
758 2313 824 2376 sive
844 2323 1004 2389 externae,
1021 2312 1056 2376 in
1077 2315 1142 2376 fine
1157 2313 1350 2387 aecedentes,

192 2421 257 2486 sive
271 2421 426 2496 internae,
440 2418 547 2482 locum
561 2427 752 2502 occupantes
767 2427 842 2481 ante
857 2437 1028 2482 consonam
1039 2416 1274 2492 terminantem,
1288 2414 1354 2479 sive

191 2535 241 2590 est
260 2525 374 2589 radicis
396 2521 461 2586 siva
481 2521 696 2586 derivationis.
729 2523 815 2586 eunt
832 2543 925 2606 porro
941 2532 973 2586 et
987 2521 1186 2586 substantiva
1200 2521 1353 2603 quaedam

192 2629 398 2712 discrepando
412 2647 432 2690 a
446 2625 547 2690 solitis
561 2625 743 2690 declinandi
757 2627 859 2690 modis
874 2626 1016 2710 proprias
1030 2626 1146 2690 formas
1162 2623 1350 2700 evolventia,

193 2731 244 2794 vel
259 2732 414 2796 anomala.

624 2919 745 2992 Ordo
775 2917 917 3012 prior.

279 3109 486 3174 substantiva
506 3121 539 3175 et
560 3111 712 3196 adjectiva
733 3113 858 3197 generis
877 3113 1045 3177 masculini
1065 3126 1098 3178 et
1119 3112 1263 3178 neutrius
1278 3135 1353 3177 con-

194 3215 326 3277 cordant
346 3213 381 3276 in
400 3214 590 3286 flexionibus
600 3240 609 3291 3
634 3217 834 3280 substantiva
855 3227 887 3280 et
902 3216 1056 3301 adjectiva
1069 3217 1193 3302 generis
1207 3215 1352 3280 feminini

192 3339 266 3382 suos
277 3317 419 3402 proprios
430 3320 540 3386 modos
552 3331 740 3403 sequuntur.
765 3321 910 3384 Exhibeo
921 3321 1060 3405 primum
1073 3322 1200 3386 schema
1210 3321 1352 3385 omnium

192 3422 371 3498 declinandi
392 3425 569 3500 modorum,
590 3445 669 3507 quos
689 3423 760 3488 dieo
780 3425 887 3501 series,
910 3429 1115 3509 proponendo
1137 3425 1352 3510 paradigmate

190 3547 248 3610 pro
262 3547 462 3610 quocumque
469 3551 479 3603 ;
497 3528 637 3610 produco
648 3527 723 3592 dein
734 3529 933 3592 substantiva
944 3529 1011 3596 sire
1021 3529 1176 3614 adjectiva
1186 3529 1353 3614 probantia

191 3630 306 3694 formas
329 3631 469 3714 cujusvis
490 3631 582 3694 seriei
602 3631 656 3700 hic
677 3633 847 3715 expositas,
865 3631 931 3696 sive
952 3632 1048 3703 otiam
1062 3633 1228 3704 varismtes
1243 3655 1352 3698 earum

191 3735 363 3812 offerentis,
381 3757 422 3803 en
436 3734 514 3818 ipsis
529 3735 700 3802 codicibus.

282 3938 526 4002 Declinatio
547 3939 781 4002 masculina
802 3941 1028 4024 etgeneris
1049 3941 1254 4004 neutrius.

275 4105 516 4188 Paradigmata:
541 4106 571 4168 Ι.
596 4105 659 4172 oble
674 4106 817 4190 (socius).
846 4107 1039 4188 Exemplum
1053 4105 1150 4188 hujus
1165 4106 1256 4172 seriei
1270 4105 1351 4170 deri-

189 4218 315 4284 vatum,
339 4230 367 4275 o.
385 4230 434 4291 gr.
459 4209 564 4276 salire
586 4209 731 4292 (mulio),
757 4209 864 4273 teetiro
884 4209 1127 4294 (dispensator),
1152 4211 1266 4273 addere
1285 4231 1352 4272 non

189 4321 256 4373 tarn
270 4312 483 4384 necessarium
497 4312 633 4388 videtur,
651 4334 748 4394 quarn
761 4313 797 4375 in
812 4312 1017 4395 sequentibus
1032 4313 1072 4375 ob
1087 4312 1228 4383 internas
1243 4311 1353 4376 flexio-

188 4413 239 4476 nis
254 4415 387 4488 vocales.
420 4416 468 4478 II.
493 4415 687 4497 Exemplum
705 4436 771 4483 non
794 4415 970 4481 derivatum
985 4415 1054 4482 tall
1066 4417 1282 4500 (membrum),
1300 4419 1352 4482 de·

1087 4513 1149 4578 16*
