3232 5074
352 389 414 450 428
623 387 689 450 III.
716 391 746 448 2.
792 407 913 450 marro
927 407 1028 452 vnam
1045 407 1236 451 nrnnnrucr.

352 553 544 630 stantivum,
568 556 707 637 adeoque
728 555 855 637 plenius
877 554 919 620 sit
939 555 1101 619 interdum
1122 554 1302 631 hibernioo,
1326 565 1364 618 ut
1387 555 1421 618 in
1445 577 1499 618 usu

353 669 532 742 temporum
546 660 813 725 secundariorum.

808 953 1060 964 ..-.-—---

609 1203 642 1274 I.
698 1205 900 1276 Verbum
933 1205 1250 1300 hibernicum.

437 1433 570 1497 Voeales
591 1434 767 1497 flexionum
786 1433 874 1498 verbi
895 1434 1049 1498 hibernici
1066 1435 1356 1517 monosyllabarum
1371 1445 1447 1496 sunt
1460 1455 1504 1497 eo

351 1537 425 1598 dem
445 1538 539 1600 modo
559 1539 646 1602 utin
661 1539 790 1603 nomine
805 1551 861 1602 aut
882 1550 1080 1602 externae
1106 1549 1162 1601 aut
1187 1537 1398 1615 internae,
1417 1560 1444 1600 e.
1460 1560 1502 1620 gr.

351 1640 386 1703 in
407 1642 510 1723 prima
530 1655 562 1706 et
584 1646 723 1707 secunda
742 1666 876 1728 persona
897 1645 1023 1707 numeri
1042 1643 1211 1727 singularis
1226 1643 1403 1726 praesentis
1417 1641 1503 1726 prim.

350 1744 456 1821 activi,
467 1757 562 1830 prout
573 1749 704 1810 verbum
715 1749 858 1831 sequitur
868 1748 950 1812 hanc
962 1749 1013 1811 vel
1024 1749 1112 1812 illam
1123 1746 1272 1810 flectendi
1282 1768 1429 1809 normam
1436 1771 1444 1821 ;
1458 1747 1505 1808 ob

352 1847 455 1936 tinent
466 1850 609 1915 internae
618 1863 725 1914 tamen
733 1874 856 1935 semper
864 1853 898 1915 in
907 1853 1096 1935 quibusdam
1105 1851 1259 1935 personis,
1271 1874 1298 1914 e.
1308 1873 1356 1934 gr.
1367 1851 1404 1913 in
1412 1851 1506 1934 prima

350 1963 383 2014 et
398 1957 536 2017 secunda
551 1955 719 2038 singularis
734 1957 896 2038 praeteriti
911 1958 1004 2040 prim.
1019 1968 1051 2020 et
1066 1957 1100 2019 in
1114 1957 1217 2038 prima
1230 1955 1402 2038 singularis
1414 1953 1506 2018 futuri

351 2058 457 2120 activi.
484 2059 674 2122 Flexionnm
689 2060 824 2122 duarum
838 2062 889 2123 vel
903 2061 1044 2144 plurium
1059 2061 1252 2144 syllabarum
1266 2061 1392 2124 vocales
1405 2060 1505 2123 inclro

350 2156 440 2226 antes
463 2165 556 2226 modo
579 2175 745 2226 servantur
769 2167 862 2227 modo
883 2165 1045 2228 eliduntur
1065 2168 1242 2229 seeundum
1261 2165 1408 2248 regulae,
1432 2185 1505 2249 quae

349 2289 446 2349 supra
467 2267 601 2330 traditae
625 2279 702 2332 sunt
722 2271 767 2353 (p.
788 2277 826 2330 34
840 2271 916 2352 sq.).
956 2271 997 2333 In
1020 2271 1176 2354 ejusmodi
1203 2269 1418 2354 positionibus
1438 2284 1506 2332 nota

348 2371 448 2433 futuri
462 2375 491 2434 B
506 2373 665 2436 fluctuans
680 2373 715 2436 in
730 2375 757 2436 F
771 2374 848 2437 item
857 2373 926 2458 jam
941 2377 1156 2438 demonstrata
1170 2385 1219 2436 est
1234 2377 1279 2456 (p.
1300 2377 1365 2455 72).

433 2477 601 2540 Notandae
617 2489 693 2541 sunt
706 2485 735 2541 3.
750 2501 832 2563 pers.
847 2469 1022 2562 praesentis
1034 2481 1128 2562 prim.
1142 2479 1237 2541 activi
1250 2478 1347 2540 trium
1358 2480 1504 2542 serierum

347 2580 488 2663 priorum
509 2593 542 2645 et
563 2582 664 2645 futuri
682 2583 802 2667 primae
816 2583 1002 2666 praesertim
1016 2583 1106 2646 seriei
1121 2585 1202 2646 duae
1217 2583 1345 2660 formae,
1364 2605 1433 2648 una
1446 2584 1505 2668 ple-

347 2685 429 2762 nior,
444 2687 588 2750 absoluta
603 2697 635 2750 et
649 2687 794 2771 positiva,
809 2711 890 2771 quae
905 2689 1025 2751 scilieet
1036 2688 1070 2750 in
1082 2687 1185 2751 verbis
1197 2687 1391 2750 sententiam
1404 2689 1502 2751 incho

347 2789 474 2854 antibus
498 2793 639 2856 obtinere
662 2793 752 2870 solet,
769 2815 871 2876 praes.
890 2791 949 2869 -r‘d‚
968 2793 1028 2855 fut.
1047 2791 1146 2865 abiu·
1171 2791 1269 2854 altera
1283 2793 1421 2869 brevior,
1439 2815 1503 2856 con·

346 2905 466 2958 structa
477 2898 528 2959 vel
539 2897 696 2980 negativa,
710 2919 813 2980 praes.
829 2897 857 2959 -i
868 2897 918 2960 vel
929 2921 974 2974 -a‚
989 2897 1049 2960 fut.
1064 2898 1141 2971 tta,
1157 2897 1251 2960 abeo.
1278 2896 1318 2957 In
1330 2896 1405 2958 aliis
1417 2896 1503 2958 etiam

347 3000 490 3080 personis
501 3001 607 3077 activi,
622 3011 659 3063 ut
670 3001 704 3062 in
718 3008 747 3064 3.
761 3024 844 3084 pers.
860 3001 943 3083 sing.
958 3014 990 3064 et
1003 3003 1087 3084 plur.
1101 3002 1230 3085 passivi,
1243 3001 1354 3063 eadem
1365 3001 1503 3064 differen-

347 3103 391 3166 tia
411 3103 504 3167 solita
518 3117 577 3181 est,
595 3105 640 3169 ita
655 3106 784 3188 quidem
799 3117 836 3168 ut
851 3106 1023 3170 ifiexionis
1038 3107 1080 3170 sit
1094 3107 1223 3190 signum
1237 3104 1408 3190 positionis
1423 3107 1502 3169 abso

344 3207 442 3284 lutae,
463 3232 483 3270 a
499 3209 549 3271 vel
564 3234 580 3272 e
594 3211 759 3294 positionis
775 3211 982 3293 dependentis
998 3212 1048 3273 vel
1063 3212 1239 3294 negativae.

431 3314 510 3375 Post
531 3313 768 3379 terminationes
788 3338 995 3400 personarum
1016 3315 1269 3399 frequentissime
1284 3317 1502 3398 pronominum

346 3415 528 3493 infixorum,
547 3440 627 3499 quae
646 3421 774 3497 adsunt,
792 3433 886 3484 notae
901 3431 1055 3503 augentes
1070 3421 1246 3503 affiguntur
1260 3429 1326 3482 tam
1341 3419 1377 3482 in
1393 3420 1498 3492 activo,

345 3542 441 3601 quam
460 3521 596 3603 passivo.
629 3525 670 3586 In
690 3525 913 3608 conjugatione
934 3525 1093 3608 personali
1107 3525 1202 3588 activi
1216 3525 1400 3606 frequenter
1415 3523 1500 3586 etiam

345 3624 483 3702 additur,
501 3627 623 3691 ratione
646 3650 712 3692 non
732 3630 841 3694 habita
863 3631 1059 3714 pronominis
1081 3629 1190 3705 infixi,
1208 3628 1235 3690 si
1256 3627 1387 3710 aliquod
1408 3630 1498 3699 adest,

344 3740 421 3792 nota
441 3752 561 3814 augens
582 3733 778 3814 pronominis
801 3735 869 3818 ejus
891 3757 1043 3818 personae
1065 3756 1145 3818 quae
1166 3730 1289 3797 obtinet
1303 3732 1338 3794 in
1353 3735 1460 3808 verbo,
1476 3753 1499 3792 e.

344 3855 410 3917 gr.:
434 3836 639 3914 sodaimimse
654 3839 792 3920 (tolero),
811 3839 986 3922 dolapubsa
1002 3839 1208 3922 (ignoscam),
1227 3837 1379 3901 creoneni
1397 3833 1500 3918 (eredi-

343 3941 442 4016 mus),
462 3941 662 4004 lobramarni
675 3943 875 4026 (loquimur),
890 3943 1045 4006 sluindt'so
1061 3941 1260 4026 (significas),
1275 3941 1436 4005 asbera’dsa'
1449 3937 1499 4020 (di-
1570 4001 1572 4014 ,

344 4043 448 4120 citis),
468 4045 629 4108 doberidsa'
650 4047 815 4128 (affertis),
834 4069 897 4110 am.
914 4047 1110 4130 ronpabassa
1131 4051 1182 4128 (ut
1204 4045 1283 4127 fui),
1298 4045 1500 4134 sotraobasas

345 4147 472 4230 (reliqui
489 4153 545 4230 te),
560 4149 635 4212 tore
649 4153 909 4216 nondobmolorsa
924 4151 1013 4234 (quia
1027 4151 1122 4214 laudo
1136 4153 1218 4232 vos),
1236 4171 1300 4214 am.
1318 4151 1499 4215 roodoboor·
1569 4223 1571 4244 ξ

342 4251 448 4314 somni
463 4256 514 4334 (nt
529 4253 704 4318 amavimus
719 4261 800 4339 vos).
