3218 5068
317 379 378 442 512
422 377 488 440 ΙΙΙ.
507 381 537 438 2.
569 397 671 441 vnum
687 398 1419 445 111111111110110111111111101111111111111.

314 554 448 633 nyssynt
468 567 490 629 y
506 544 625 629 dcffroi
638 545 712 626 (viri
726 547 782 630 qui
796 549 962 611 voluerant
976 570 1050 612 eum
1065 550 1316 634 expergefacere)
1333 555 1363 627 2,
1383 556 1413 612 8.
1433 572 1470 634 ny

316 654 531 738 chlywycaynt
544 649 662 734 eiryoet
676 653 781 736 twrys
790 653 936 717 ocbowot
948 653 1091 740 lnjffelyb
1104 677 1126 739 y
1140 654 1192 718 rei
1203 655 1313 740 hynny
1329 657 1407 736 (non
1422 677 1471 717 au·

316 757 462 820 diverunt
476 777 619 838 unquam
633 757 803 839 strepitum
817 771 850 820 et
865 759 1197 841 tempestatemtnlem
1211 770 1249 822 ut
1262 759 1360 840 hanc)
1379 766 1407 834 l,
1423 763 1469 820 23.

315 861 411 924 dibeo
431 861 491 922 oed
503 869 641 943 cantant
654 884 697 924 aa
713 861 926 946 chlywysaynt
940 861 1057 946 airyoct
1071 863 1153 926 kerd
1165 865 1275 949 kyatol
1287 885 1327 926 or
1340 865 1424 926 adar
1436 886 1474 948 yn

315 965 403 1028 kanu
418 967 619 1048 (persuasum
640 977 707 1029 erat
727 965 783 1041 eis,
801 965 886 1047 quod
900 987 967 1028 non
982 967 1179 1032 audivissent
1193 990 1337 1052 unquam
1351 980 1475 1030 cantum

316 1080 383 1133 tam
408 1069 577 1132 amabilem
602 1091 698 1154 quam
723 1070 831 1134 avium
856 1070 1053 1154 canentium)
1072 1078 1101 1149 1,
1121 1078 1172 1136 23.
1197 1073 1317 1166 bqspya
1338 1073 1398 1135 oed
1416 1093 1474 1154 pan

316 1175 417 1256 bawp.
439 1221 446 1236 .
467 1222 474 1236 .
492 1196 536 1238 aa
558 1175 690 1261 welsynt
710 1175 829 1260 eiryoet
847 1197 892 1239 un
911 1177 1076 1262 wympoch
1094 1199 1134 1240 no
1148 1177 1186 1241 ti
1198 1181 1401 1261 (persuasum
1415 1187 1476 1239 erat

316 1278 428 1355 cuivis,
450 1326 457 1342 .
478 1327 485 1341 .
503 1281 589 1362 quod
608 1302 674 1342 non
695 1280 850 1343 vidissent
869 1302 1013 1363 unquam
1035 1282 1263 1359 formosiorem,
1281 1303 1379 1365 quam
1399 1303 1473 1356 eam,

315 1383 469 1467 puellam)
487 1389 517 1460 2,
537 1390 588 1446 21.
621 1383 766 1448 Pertinet
786 1384 850 1446 huc
871 1385 1015 1467 eglossis
1031 1387 1187 1450 Luxemb.
1205 1387 1370 1462 rorensem,
1389 1397 1426 1448 ut
1438 1385 1477 1448 le

252 1487 254 1494 ’
315 1489 457 1572 gendum
471 1490 563 1552 credo
577 1511 634 1572 pro
649 1487 795 1552 roricseti
808 1489 865 1572 (gl.
883 1489 1118 1574 sulcavissent).

403 1593 539 1658 Cornica
557 1605 589 1657 et
602 1593 755 1658 armorica
770 1594 915 1676 exempla
929 1595 1094 1659 indicativi
1109 1607 1141 1660 et
1156 1595 1352 1680 conjunctivi
1367 1594 1480 1658 rariora

317 1708 405 1762 sunt.
438 1699 672 1762 Conditionalis
692 1699 789 1783 hujus
813 1699 962 1782 temporis
984 1709 1016 1762 et
1036 1702 1253 1783 praecedentis
1275 1701 1397 1764 mixtus
1414 1699 1480 1782 jam

317 1803 581 1867 animadvertitur
597 1803 632 1866 in
653 1804 798 1888 exemplo
818 1803 974 1867 cambrico
995 1826 1092 1888 supra
1106 1806 1203 1870 allato
1219 1806 1295 1888 (alia
1310 1815 1481 1887 sequentur

315 1908 399 1972 infra
409 1908 445 1971 in
456 1908 597 1992 syntaxi)
607 1931 614 1970 z
622 1908 682 1990 pei
692 1909 1068 1994 asyorcbymmynnaasut
1077 1913 1254 1996 nycqadwn
1267 1909 1309 1993 (si
1316 1909 1477 1992 jussisses,

315 2035 382 2077 non
395 2013 643 2094 concessissem),
654 2012 710 2075 ubi
721 2015 1263 2098 nycqadwnestpronysqodocawn.
1289 2013 1482 2078 Vicissimin

316 2117 441 2182 comica
456 2127 488 2179 et
502 2116 654 2179 armorica
669 2116 780 2200 lingua
795 2118 892 2201 hujus
905 2119 1054 2201 temporis
1066 2119 1184 2184 formae
1195 2119 1328 2184 omnino
1339 2119 1374 2182 in
1386 2119 1482 2202 signi·

278 2261 283 2272 ·
316 2221 497 2286 ficationem
519 2221 740 2284 conditionalis
763 2221 938 2306 praesentis
954 2225 1006 2304 (ut
1026 2223 1061 2285 in
1081 2224 1234 2288 armorica
1255 2224 1351 2288 etiam
1366 2223 1485 2286 formae

316 2327 416 2392 futuri
438 2326 630 2410 secundarii)
646 2326 852 2404 transierunt,
869 2347 929 2390 nec
951 2339 999 2390 est
1021 2328 1182 2392 interdum
1204 2328 1302 2392 etiam
1319 2328 1485 2392 indicativi

316 2443 349 2498 et
363 2431 558 2515 conjunctivi
573 2431 670 2515 hujus
686 2442 719 2494 et
733 2431 819 2494 illius
836 2432 985 2516 temporis
1001 2433 1188 2496 differentia.

402 2537 537 2602 Cornica
551 2537 707 2619 exempla.
737 2536 909 2600 Indicativi
922 2537 974 2600 vel
988 2537 1201 2620 conjunctivi:
1219 2539 1330 2624 Pedyr
1344 2561 1366 2602 a
1381 2539 1485 2630 orado·

316 2667 376 2710 uos
396 2667 440 2731 yn
464 2663 547 2706 unna
563 2642 617 2705 det
629 2639 777 2724 redeqhse
792 2643 922 2724 (Petrus
937 2641 1016 2706 abiit
1030 2641 1163 2705 simulac
1177 2637 1375 2726 peccaverat)
1392 2645 1485 2706 Pass.

318 2758 370 2827 86,
390 2757 420 2812 3.
445 2770 514 2811 own
538 2767 628 2809 mear
657 2768 693 2808 as
719 2747 862 2810 kamerac
882 2768 942 2831 rap
965 2769 1007 2810 un
1028 2747 1168 2810 merthoc
1190 2748 1356 2811 rcwelscna
1377 2748 1490 2829 (timor

316 2875 452 2938 magnus
467 2875 520 2916 cos
536 2851 620 2934 cepit
634 2853 674 2914 ob
689 2851 879 2914 miraculum
894 2853 978 2934 quod
994 2851 1153 2933 viderant)
1171 2857 1244 2929 254,
1264 2860 1294 2914 4.
1321 2853 1363 2937 ef
1371 2875 1392 2914 a
1408 2853 1490 2936 days

317 2957 486 3044 tyctqueth
509 2957 551 3040 ef
564 2979 629 3021 nun
649 2957 757 3038 puelse
779 2956 838 3038 (ita
852 2957 1024 3039 legendum
1044 2978 1102 3040 pro
1114 2957 1245 3040 quclse,·
1262 2957 1385 3040 juravit
1399 2956 1491 3039 quod

316 3084 484 3147 nunquam
495 3083 569 3123 eum
580 3059 708 3142 viderit)
719 3067 771 3137 85,
784 3067 813 3123 3.
825 3069 856 3124 4.
874 3061 1123 3125 conditionalis:
1134 3059 1328 3144 ·tettoupan
1341 3061 1433 3146 ethys
1443 3083 1492 3146 yn

316 3191 381 3232 mea
404 3168 506 3230 elevas
525 3164 600 3250 oytb
621 3165 700 3250 nytb
715 3165 855 3230 hemme
871 3166 978 3248 (hodie
994 3167 1020 3229 si
1036 3165 1147 3228 ivisses
1161 3165 1257 3242 foras,
1274 3167 1405 3229 morbus
1421 3186 1494 3229 non

317 3285 350 3336 te
371 3271 518 3355 cepisset)
539 3277 609 3346 157,
629 3277 659 3331 4.
685 3291 728 3332 an
749 3271 863 3334 deamo
878 3294 943 3356 nyn
959 3273 1090 3334 drosscn
1104 3292 1147 3355 ny
1163 3271 1218 3356 bys
1233 3271 1307 3336 deso
1323 3271 1427 3352 (hunc
1443 3269 1492 3332 vi·

316 3401 389 3443 rum
402 3399 469 3440 non
484 3375 667 3454 tulissemus
685 3373 752 3450 tibi,
772 3373 878 3438 sinon
894 3386 977 3438 esset
992 3375 1113 3450 malus3
1132 3376 1221 3460 drey,
1239 3375 1334 3457 ferre)
1351 3381 1406 3451 99,
1427 3381 1459 3438 2.

402 3479 633 3545 conditionalis
645 3479 829 3561 designatus
841 3479 1014 3562 praesentis
1026 3479 1184 3562 primarii:
1195 3481 1321 3565 acrcfya
1328 3503 1379 3565 yur
1391 3503 1415 3542 a
1426 3479 1492 3542 keu

317 3612 367 3654 me
380 3609 446 3672 ayn
459 3585 604 3648 looaraen
613 3582 780 3665 (scriptum
791 3595 839 3646 est
851 3594 883 3646 et
894 3583 984 3647 aliter
992 3606 1050 3667 ego
1059 3583 1092 3648 id
1098 3607 1164 3648 non
1172 3587 1347 3666 narrarem)
1357 3585 1397 3648 P.
1413 3589 1492 3659 183,

322 3703 350 3756 1.
375 3716 396 3756 a
410 3713 455 3774 pe
477 3711 523 3752 ow
546 3687 618 3752 thus
641 3687 740 3772 ttaoy
762 3709 837 3774 aym
853 3689 1032 3774 delyrasena
1048 3689 1090 3772 (si
1105 3701 1187 3754 esset
1200 3689 1281 3753 mihi
1296 3689 1454 3774 populus,
1473 3712 1494 3752 a

318 3798 406 3863 vobis
428 3818 479 3859 me
499 3815 566 3857 non
587 3793 775 3868 liberarent;
801 3793 887 3875 angl.
913 3791 1185 3874 deliver)102‚,2.
1217 3797 1301 3858 Item
1321 3793 1497 3858 indicativi

318 3917 350 3968 et
364 3898 559 3985 conjunctivi
574 3886 747 3982 praesentis
763 3897 904 3980 primarii
919 3896 1126 3980 significatio:
1145 3900 1246 3984 Pylat
1260 3922 1281 3962 a
1295 3921 1498 3985 1111199109-

320 4011 371 4074 ths
392 4009 515 4071 bewuoa
536 4007 642 4069 Jesuc.
668 4003 709 4086 ef
722 4026 743 4065 a
764 4023 854 4066 venae
873 4001 995 4086 qwethe
1020 4002 1130 4068 Obrr'at
1143 4005 1197 4085 (P.
1215 4005 1342 4068 volebat
1364 4025 1500 4068 servare

318 4114 418 4177 vitam
438 4111 487 4192 J.)
506 4115 578 4186 125,
600 4117 628 4171 1.
650 4113 721 4184 127,
742 4113 771 4170 2.
795 4109 850 4170 dcl
869 4107 997 4170 &aaaron
1017 4129 1118 4192 rapon
1142 4131 1184 4192 ny
1205 4107 1265 4189 (ita
1284 4109 1500 4192 loquebatur,

319 4219 428 4282 orabat
443 4214 601 4290 Christus,
618 4235 676 4300 pro
696 4211 802 4294 nobis)
820 4219 872 4289 56,
892 4217 922 4275 2.
947 4211 1092 4298 kymmyc
1115 4222 1166 4276 tra
1187 4235 1209 4277 α
1229 4213 1358 4278 lavana
1382 4213 1503 4297 (quid-

319 4323 396 4405 quid
421 4321 624 4402 loquebatur,
648 4318 843 4400 refutabant)
862 4322 938 4394 112,
960 4325 989 4380 1.
1022 4317 1077 4402 thy
1098 4317 1197 4382 werae
1217 4340 1283 4382 nan
1304 4317 1455 4382 temese
1479 4341 1505 4404 y

319 4425 452 4488 skerons
468 4425 656 4504 (observare,
668 4421 777 4508 jussit,
794 4443 836 4486 ne
858 4443 932 4486 eum
949 4422 1134 4505 auferrent),
1151 4423 1254 4508 Pylon
1269 4443 1290 4487 a
1304 4431 1359 4488 r'oa
1374 4445 1445 4508 apa
1463 4445 1507 4486 ro
