3242 5080
308 377 371 440 320
486 377 533 440 Il.
555 383 585 440 3.
631 397 856 442 sunsranrrvn
872 397 1059 444 erasarum
1074 397 1287 442 nuxnmnra.

308 547 451 610 cundum
472 547 551 610 duos
573 556 631 610 aut
657 547 796 610 multum
815 557 889 622 tres,
914 547 1081 630 loqueum
1110 548 1133 610 i.
1150 567 1180 610 c.
1203 568 1245 610 ne
1272 547 1338 612 sint
1363 549 1473 634 plures

309 674 406 734 quam
427 653 490 714 duo
511 663 568 714 aut
589 655 678 732 tres).
710 651 893 716 Hodiernae
914 652 1042 727 formae,
1059 651 1127 714 hib.
1149 651 1243 728 tridr,
1259 653 1342 736 guel.
1360 653 1470 718 saar.

395 768 557 863 ranna
575 787 675 849 arma
688 807 746 869 pro
760 787 864 849 aba.
896 787 1014 850 non:
1032 787 1093 851 aa
1105 787 1174 851 aa
1185 788 1241 850 aa
1255 787 1349 851 stata
1364 789 1474 852 anca

314 915 347 955 .1.
364 894 508 956 medeae
526 913 559 953 .1.
577 891 657 954 boesa
672 900 703 954 ct
709 890 843 972 placem
858 899 889 954 et
903 893 1051 976 perfecta
1065 901 1097 955 et
1111 893 1241 955 isinana
1256 901 1287 956 ct
1300 894 1409 956 acreda
1422 913 1474 956 re-

310 997 463 1061 mertare
483 995 541 1078 (gl.
558 996 696 1081 probetis
711 1017 792 1078 quae
807 995 849 1058 sit
863 997 1009 1060 voluntas
1025 997 1091 1059 dei:
1116 998 1200 1059 bona
1212 995 1341 1080 placens
1356 1008 1389 1061 et
1402 1019 1474 1082 per-

311 1101 410 1177 lecta;
435 1100 457 1163 i.
475 1121 504 1163 e.
522 1101 618 1164 hocce
638 1111 687 1163 est
706 1121 780 1183 ergo
799 1101 947 1165 voluntas
967 1102 1029 1178 dei,
1047 1101 1107 1164 tria
1121 1101 1217 1164 hacc:
1235 1103 1281 1178 b.‚
1298 1103 1358 1186 pt,
1375 1102 1470 1185 perf„

310 1217 344 1270 et
364 1206 449 1268 idem
470 1216 547 1268 sunt
563 1205 634 1282 tria,
652 1227 733 1287 quae
748 1206 923 1282 antedixit;
948 1207 1107 1270 antecedit
1120 1207 1156 1270 in
1170 1217 1277 1270 textu:
1296 1207 1472 1271 exhibeatis

310 1331 441 1394 corpora
460 1321 564 1373 vestra
582 1309 720 1374 hostiam
741 1309 857 1386 vivam,
876 1321 1029 1388 sanctam,
1046 1313 1105 1374 deo
1126 1311 1318 1394 placentem)
1333 1311 1410 1374 Wb.
1429 1315 1470 1372 5².

311 1413 503 1498 inploinesia
526 1423 557 1478 et
576 1414 722 1479 indocile
742 1423 773 1478 ct
786 1413 944 1498 insitione
962 1463 969 1478 .
990 1463 997 1477 .
1018 1463 1025 1477 .
1043 1415 1151 1478 datast
1163 1415 1322 1480 atre'dest'n
1338 1415 1473 1500 (puritas

312 1519 391 1584 haec
411 1529 444 1582 ct
463 1517 615 1582 sanctitas
637 1527 670 1581 et
682 1517 827 1601 justitia,
852 1566 859 1581 .
881 1564 888 1581 .
909 1517 975 1582 sint
994 1519 1082 1582 vobis
1105 1519 1183 1583 haec
1204 1520 1279 1601 tria)
1295 1524 1337 1582 9⁸.
1366 1521 1474 1583 adeda

313 1628 385 1689 telas
400 1623 474 1706 (tria
489 1643 595 1706 supra,
613 1623 708 1699 dicta,
726 1643 809 1706 spes,
826 1625 916 1700 fides,
934 1623 1061 1706 caritas)
1079 1629 1139 1686 12⁶.
1171 1625 1267 1687 Dat:
1293 1624 1411 1687 itrlde'a
1426 1625 1449 1706 (⁸

314 1729 431 1793 tribus:
448 1727 652 1812 praedicavit,
666 1727 821 1812 implevit,
836 1728 979 1810 donavit)
992 1725 1057 1791 21⁶.
1074 1728 1220 1793 dntrldiu
1231 1727 1473 1793 mnaartriam

314 1834 373 1918 (gl.
390 1833 520 1916 quidam
534 1833 731 1908 aberrantem
754 1833 778 1895 i.
796 1855 824 1896 c.
843 1833 989 1908 atribus,
1007 1855 1087 1916 quae
1109 1833 1192 1896 dixit
1208 1843 1313 1910 antea,
1331 1833 1471 1909 caritate,

313 1936 507 2001 conscicntia
527 1938 622 2014 bona,
640 1939 717 2018 lide)
735 1933 798 1999 27¹¹.
824 1937 1010 2001 ds'csdtredt'a
1030 1937 1228 2022 remcpertlm
1250 1939 1308 2022 (gl.
1326 1959 1366 2001 ex
1388 1937 1475 2001 omni

313 2051 422 2126 parte3
446 2041 469 2102 i.
486 2061 515 2103 c.
539 2063 579 2104 cx
602 2053 676 2105 ante
691 2041 783 2105 dictis
805 2041 916 2118 trrlrus,
941 2042 1121 2119 altitudine,
1138 2042 1318 2120 latitudine,
1336 2044 1474 2126 longitu-

314 2149 403 2230 dine)
420 2147 475 2230 Sg.
495 2143 538 2208 ³¹³.
562 2147 699 2208 Aecus:
722 2153 849 2212 meoet
869 2148 1028 2212 atredcain
1049 2149 1107 2231 (gl.
1125 2149 1280 2234 quaedam
1300 2147 1475 2230 possessiva

315 2254 425 2317 eadem
439 2261 472 2315 et
486 2251 612 2335 propria
626 2262 659 2314 et
676 2251 823 2335 gentilia)
840 2251 896 2335 Sg.
916 2257 979 2314 33¹.

401 2379 461 2442 lv.
493 2379 607 2441 Forma
626 2377 812 2460 personalis,
830 2400 896 2441 non
919 2377 1011 2440 obvia
1031 2377 1066 2440 in
1081 2377 1240 2442 codicibus
1256 2377 1383 2454 nostris,
1402 2400 1476 2462 sup·

315 2485 463 2570 ponenda
478 2483 705 2546 CETHRAR.
730 2483 816 2545 Nam
831 2483 953 2546 obtinet
967 2483 1114 2547 ceatlarar
1128 2483 1162 2546 in
1177 2493 1310 2568 utraque
1325 2483 1478 2546 hodierna

223 2661 227 2668 ,
315 2591 438 2674 lingua,
455 2587 617 2650 hibernica
632 2599 664 2650 ct
677 2587 808 2671 gaelica‚
827 2610 907 2672 quae
922 2587 996 2650 inde
1011 2587 1124 2650 abhoc
1139 2611 1271 2652 numero
1286 2589 1478 2652 concordant

316 2696 351 2759 in
367 2691 588 2759 terminatione
603 2713 666 2755 ar.
1301 2751 1304 2756 .

402 2817 647 2884 CETHARDE
662 2818 701 2880 de
716 2819 825 2881 rebus:
844 2817 989 2882 irrelaat’d
1004 2818 1206 2882 acellardesc
1222 2819 1279 2902 (gl.
1298 2819 1333 2882 in
1348 2817 1478 2882 caritate

316 2923 459 3002 radicati,
477 2935 515 2986 ut
536 2921 663 3006 possitis
679 2923 943 3006 comprehendere
958 2944 1031 2986 cum
1046 2923 1193 2986 omnibus
1209 2923 1326 2988 sanctis
1341 2946 1422 3006 quae
1437 2923 1480 2987 sit

317 3031 452 3094 latitudo
475 3037 507 3091 et
525 3027 692 3110 longitudo
708 3039 739 3090 et
755 3026 931 3091 sublimitas
947 3037 979 3090 et
993 3027 1204 3110 profundum:
1227 3028 1249 3092 i.
1267 3050 1295 3092 e.
1313 3029 1347 3092 in
1363 3039 1479 3114 myste-

317 3135 372 3200 riis
393 3135 471 3198 haec
499 3143 651 3218 quatuor,
674 3129 819 3193 additur:
843 3130 1032 3212 divinitatis)
1055 3133 1130 3194 Wb.
1150 3129 1214 3195 21⁶.
1240 3133 1481 3198 aracettardese

319 3241 377 3324 (gl.
396 3240 561 3303 Cretenses
583 3257 706 3320 semper
727 3235 912 3312 mendaces,
937 3236 1038 3300 malae
1060 3237 1198 3314 bestiae,
1223 3249 1359 3315 ventres,
1383 3237 1478 3322 pigri,

319 3367 415 3428 quam
440 3345 480 3407 ob
506 3364 634 3405 causam
659 3339 788 3422 increpa
809 3340 898 3416 illos;
923 3341 945 3404 i.
964 3364 992 3404 e.
1011 3343 1051 3406 ob
1071 3342 1150 3404 hacc
1170 3347 1319 3428 quatuor)
1337 3341 1402 3406 dil.
1427 3365 1480 3406 ra·

320 3447 545 3532 dcimnipeatar
571 3445 627 3508 dra
653 3445 901 3509 treasacetltarde
923 3446 981 3530 (gl.
1006 3456 1205 3528 contestante
1233 3448 1292 3512 deo
1320 3447 1420 3532 signis
1448 3459 1482 3512 et

319 3551 485 3636 portentis,
503 3549 653 3633 prodigiis
669 3559 701 3612 et
715 3549 808 3613 variis
824 3550 1010 3634 virtutibus)
1028 3557 1090 3616 32⁸.

405 3677 436 3740 V
458 3687 490 3738 et
511 3686 676 3760 sequentes
696 3675 822 3738 numeri
843 3697 909 3740 non
929 3675 1024 3740 obvii.
1064 3679 1221 3742 Poterant
1235 3677 1349 3762 conjici
1363 3677 1482 3742 formae

320 3779 516 3866 personales:
536 3788 565 3843 5.
584 3780 697 3857 οόὶοαν,
717 3787 747 3844 6.
764 3781 876 3857 calcar,
898 3789 926 3844 7.
944 3779 1070 3846 scallor
1085 3783 1281 3872 (acclamari
1292 3785 1332 3846 ob
1351 3805 1374 3848 a
1389 3781 1482 3865 origi·

321 3885 475 3968 amum),
500 3891 530 3947 8.
548 3885 658 3949 cedaar
673 3884 858 3966 (ocltaarl)
867 3931 877 3962 ,
897 3892 927 3947 9.
944 3884 1069 3962 aanor,
1090 3895 1140 3950 10.
1158 3887 1321 3952 deicltmr.
1353 3886 1483 3952 Gaelice

324 4000 353 4056 7.
371 3991 567 4068 scocldaar,
586 3996 616 4052 8.
635 3988 787 4066 ocldaar,
806 3997 837 4052 9.
855 3989 1002 4068 aoclaar,
1024 3998 1074 4054 10.
1091 3991 1255 4070 deiclaar,
1273 3991 1446 4074 exquibus
1461 4013 1483 4054 a

323 4107 517 4180 transgressa
538 4095 634 4160 etiarn
654 4093 689 4158 in
705 4101 735 4158 5.
754 4093 914 4178 cuipaear,
934 4101 965 4158 6.
982 4099 1109 4160 adanae.
1141 4096 1317 4160 Hiberniae
1330 4096 1484 4160 hodierna

322 4225 344 4266 a
364 4201 493 4265 exhibet
513 4200 710 4264 solummodo
731 4199 766 4262 in
785 4199 952 4284 corruptis,
976 4211 1014 4263 ut
1034 4199 1169 4277 videtin,
1194 4207 1225 4263 9.
1250 4199 1404 4278 scallor,
1430 4207 1481 4264 10.

323 4304 573 4378 deichaeallsam
596 4325 663 4368 non
682 4315 791 4368 autem
810 4303 845 4367 in
859 4304 1137 4388 praecedentibus:
1162 4311 1193 4368 5.
1212 4304 1349 4390 adipeam
1376 4311 1406 4368 6.
1424 4303 1484 4370 aes'·

322 4431 406 4488 acar,
426 4419 455 4472 7.
472 4408 628 4484 acaeltar,
651 4415 680 4472 8.
698 4407 817 4474 cellar.
