3204 5084
290 430 392 488 XLIV
779 439 976 485 saturnino.

290 596 426 668 Davies
450 596 516 687 qui
538 596 579 668 in
596 594 715 667 lexico
733 596 911 686 quasdam
939 617 1044 665 voces
1061 617 1109 665 ex
1127 617 1169 664 eo
1188 590 1345 687 profert,
1376 615 1462 664 con—

288 711 433 786 fusione
450 713 568 810 credo)
588 737 673 785 eum
692 711 862 785 attribuit
879 712 1024 783 saeculo
1048 711 1278 783 duodecimo.
1326 710 1461 783 Nescio

289 833 393 916 inde,
423 855 519 924 quae
532 832 625 903 ratio
651 831 838 903 seduxerit
861 816 956 902 uiros
981 831 1208 902 doctissimos
1234 829 1400 901 Courson
1423 837 1462 899 et

289 950 553 1043 Villemarque,
576 957 620 1021 ut
632 949 854 1020 affirmarent
864 949 1009 1043 saepius
1025 950 1065 1020 in
1078 949 1250 1043 operibus
1263 947 1349 1031 suis,
1373 970 1459 1017 eum

288 1093 375 1162 prae
394 1093 432 1140 se
449 1067 543 1140 ferre
562 1092 700 1139 annum
719 1069 805 1139 882.

389 1188 435 1258 In
463 1185 582 1258 fronte
611 1187 746 1258 codicis
771 1186 927 1281 legitur:
963 1187 1179 1258 “Elenchus
1203 1191 1458 1255 contentorum

287 1305 327 1376 in
345 1305 414 1377 hoc
432 1306 569 1377 codice.
602 1305 635 1375 l.
651 1304 931 1376 Kalendarium.
955 1305 992 1375 2.
1011 1301 1299 1377 Vocabularium
1308 1303 1459 1374 Latino-

287 1423 535 1496 Cambricum.
575 1423 610 1496 3.
639 1423 696 1494 De
715 1423 788 1494 situ
806 1423 1076 1505 Brecheniauc,
1107 1421 1173 1493 ubi
1197 1423 1379 1513 quaedam
1397 1446 1459 1492 ve-

288 1543 374 1612 teris
398 1542 571 1614 historiae
589 1541 815 1614 Cambricae.
864 1544 900 1614 4.
923 1541 1034 1612 Vitae
1054 1542 1270 1612 Sanctorum
1289 1541 1458 1612 Wallen-

287 1661 416 1730 sium.''
467 1660 645 1740 Quamvis
676 1661 737 1731 hic
763 1660 898 1731 dicitur
933 1661 1157 1732 cambricum
1182 1659 1458 1732 vocabularium

288 1779 385 1868 (ante
409 1777 487 1874 ejus
519 1777 669 1850 initium
693 1778 733 1849 in
756 1803 794 1872 p.
819 1778 853 1849 7·
882 1777 1017 1860 codicis
1041 1779 1221 1850 recentior
1238 1801 1369 1848 manus
1395 1779 1458 1849 ad-

168 1929 172 1936 ·
288 1895 449 1990 scripsit:
486 1896 665 1968 Vocatula
691 1896 912 1990 britannica),
948 1897 1103 1967 dubium
1128 1920 1205 1968 esse
1230 1919 1305 1966 non
1322 1903 1453 1989 potest,

286 2014 377 2105 quin
397 2015 446 2086 sit
464 2015 725 2086 vindicandum
751 2015 915 2086 comicae
942 2015 1110 2087 dialecto.
1160 2015 1204 2085 Id
1223 2015 1360 2108 optimc
1378 2014 1458 2108 jam

286 2133 549 2206 demonstravit
584 2133 772 2228 Llwydius
810 2134 850 2204 in
890 2131 1116 2228 praefatione
1152 2135 1199 2204 ad
1233 2131 1458 2204 Archaeolo

184 2299 187 2308 ,
285 2250 385 2345 giam
412 2253 801 2324 romu-britannicam
826 2252 963 2323 editam
981 2277 1004 2322 a
1021 2253 1136 2346 Pryce
1155 2252 1299 2322 duobus
1316 2249 1374 2320 his
1392 2275 1458 2343 po

287 2368 467 2441 tissimmn
486 2371 727 2465 argumentis,
756 2371 917 2465 primum
942 2371 1041 2461 quod
1067 2369 1230 2440 continet
1253 2367 1377 2463 plures
1394 2392 1458 2440 vo-

278 2510 346 2557 ces
364 2489 530 2582 proprias
548 2491 715 2562 cornicae
734 2487 890 2559 dialecto
908 2496 946 2558 et
959 2488 1164 2581 incognitas
1173 2487 1352 2570 CambriS,
1371 2487 1458 2558 dein

287 2605 375 2696 quia
399 2607 511 2678 etiam
536 2609 663 2679 insunt
687 2629 792 2678 voces
817 2605 982 2700 anglicae
1011 2614 1262 2689 transsumtae,
1299 2629 1456 2697 quarum

287 2726 520 2798 transsumtio
547 2727 628 2798 fieri
660 2725 782 2820 potuit
808 2725 954 2796 nonnisi
983 2725 1023 2796 in
1048 2724 1208 2820 Anglia,
1247 2747 1321 2794 non
1350 2722 1452 2807 alibi,

287 2852 330 2914 ut
355 2845 504 2916 omnino
532 2869 606 2916 non
631 2845 746 2939 possit
769 2845 899 2916 haberi
933 2843 1163 2915 annoticum.
1212 2841 1313 2912 Addi
1336 2849 1457 2935 potest

286 2963 384 3034 tertii
408 2963 616 3058 argumenti
639 2962 719 3034 loco
741 2962 998 3058 congruentia,
1031 2961 1176 3054 saepius
1201 2968 1401 3032 memorata
1419 2967 1458 3033 et

284 3080 463 3174 exemplis
476 3084 723 3154 demonstrata
736 3081 776 3153 in
789 3083 859 3153 hoc
872 3103 992 3174 opere,
1011 3079 1051 3150 in
1065 3079 1336 3174 orthographia,
1360 3103 1456 3171 quae

285 3198 471 3269 interdum
490 3209 613 3270 tamen
630 3207 686 3270 est
702 3198 867 3293 propria,
898 3199 938 3268 in
962 3199 1059 3270 sonis
1077 3205 1115 3269 et
1131 3196 1258 3270 fonnis
1275 3221 1361 3269 cum
1378 3221 1456 3268 mo-

286 3327 464 3387 numento
477 3317 578 3389 haud
591 3317 704 3389 dubie
722 3317 866 3388 comico
884 3324 1071 3408 sequente,
1094 3317 1134 3388 in
1151 3337 1225 3407 quo
1242 3315 1333 3387 item
1349 3315 1458 3409 plura

286 3435 465 3506 vocabula
494 3435 640 3531 anglica
672 3443 892 3507 transsumta
922 3435 1115 3532 leguntur,
1162 3459 1258 3528 quae
1288 3435 1457 3507 Cambris

285 3553 435 3624 omnino
453 3552 574 3624 aliena
591 3561 815 3626 manserunt.

386 3671 675 3744 Vocabularium
692 3674 779 3756 hoc,
802 3695 985 3765 nusquam
1003 3673 1158 3744 antehac
1175 3671 1284 3766 plene
1302 3679 1341 3743 et
1357 3679 1456 3744 recte

286 3789 381 3882 typis
415 3814 627 3884 expressum
664 3792 762 3887 (sunt
788 3793 920 3863 omissa
949 3801 987 3863 et
1013 3799 1185 3884 corrupta
1207 3789 1325 3861 multa
1355 3791 1456 3883 apud

285 3907 399 4001 Pryce
422 3918 460 3980 et
478 3910 672 4004 Courson),
709 3935 755 3982 ex
783 3911 907 3982 codice
933 3910 1013 4002 ipso
1037 3909 1212 4002 descripsi
1235 3915 1274 3979 et
1296 3915 1340 3979 ut
1362 3907 1457 4003 legi-

285 4027 402 4098 turin
420 4051 463 4100 eo
481 4031 528 4100 ad
548 4031 699 4102 verbum
717 4031 756 4101 in
774 4031 848 4102 fine
866 4029 977 4124 hujus
995 4029 1114 4122 operis
1132 4025 1271 4098 addidi.

386 4149 421 4218 2.
452 4147 610 4220 Carmen
628 4150 674 4220 de
691 4149 858 4243 passione
877 4147 1013 4219 Christi
1032 4145 1219 4218 cornicum
1239 4143 1369 4239 (Pasa,
1389 4144 1451 4224 P.,

285 4291 307 4336 a
325 4290 383 4337 me
402 4267 674 4364 significatum),
698 4267 803 4362 cujus
821 4273 967 4337 exstant
985 4265 1126 4336 codices
1145 4265 1230 4344 duc,
1253 4285 1350 4334 unus
1368 4263 1457 4333 Mu·

282 4383 333 4455 sei
352 4385 561 4469 britannici,
584 4387 676 4457 alter
694 4384 939 4456 bibliothecae
953 4382 1189 4478 Bodlejanae.
1220 4379 1456 4452 'l'ranslatum

281 4503 393 4574 estin
411 4503 598 4598 anglicum
616 4527 821 4575 sermonem
844 4527 878 4574 a.
907 4503 1000 4574 1682
1027 4525 1049 4572 a
1067 4502 1144 4574 viro
1162 4499 1370 4574 Cornubiae
1388 4499 1457 4570 ha-
