3204 5084
626 383 822 428 enarrarro.
1261 367 1306 426 XI

135 536 219 608 culo
239 534 448 630 praeminet
468 534 578 606 larici
597 543 635 607 et
650 537 905 630 grammatices
923 543 1050 608 auctor
1062 534 1127 608 W.
1148 537 1303 610 Owen.

137 655 243 748 cujus
270 675 384 746 opera
405 653 621 746 prodierunt
643 653 806 748 primum
834 679 869 726 a.
901 654 996 727 1803
1024 652 1220 726 Londinii:
1248 653 1306 724 “A

136 793 324 865 grammar
347 767 391 842 of
409 769 472 842 the
490 771 604 844 walah
629 771 850 867 lauguage’'‚
879 773 937 844 “A
954 771 1158 867 dictionary
1181 768 1224 842 of
1243 771 1306 840 the

135 888 254 959 walah
270 887 492 982 language”.
536 887 733 961 Recentior
755 889 868 961 editio
891 890 949 961 “A
966 889 1169 984 dictionary
1187 884 1230 959 ol
1243 887 1307 958 the

136 1003 255 1076 welslr
289 1003 486 1100 language.
539 1005 620 1078 The
655 1007 789 1080 second
822 1006 963 1078 edition
995 1007 1046 1102 by
1079 1006 1145 1077 W.
1173 1007 1307 1076 Owen

138 1121 317 1216 Pnghe.
354 1123 530 1218 Denbigh
551 1124 668 1196 1832”
694 1148 761 1218 pro
780 1149 801 1196 z
817 1133 856 1196 et
871 1149 892 1196 c
909 1123 1040 1218 prioris
1057 1121 1202 1194 solitam
1220 1121 1307 1192 scri-

136 1239 305 1332 ptionem
327 1239 379 1310 dd
394 1238 475 1336 ets
483 1241 645 1312 reduxit.
681 1241 718 1313 N
720 1241 932 1314 oviasimum
950 1265 1059 1334 opus:
1096 1241 1153 1310 “A
1176 1238 1307 1310 dictio-

137 1379 232 1450 nary
261 1353 305 1426 of
330 1355 394 1426 the
423 1357 538 1430 walah
567 1359 765 1455 language.
812 1361 867 1430 Tc
889 1359 1013 1451 which
1037 1359 1069 1430 ia
1093 1356 1260 1452 prefixed
1285 1379 1308 1426 a

138 1497 324 1567 grammar
337 1471 380 1544 of
390 1475 454 1546 the
469 1476 584 1548 welsh
596 1478 794 1571 language.
823 1475 880 1570 By
892 1475 1064 1548 William
1079 1469 1302 1569 Spurrell,

138 1589 383 1662 Carmarthen
400 1593 518 1665 1848”
538 1593 831 1688 compendiosius
848 1600 915 1676 est,
938 1595 1037 1684 quod
1052 1593 1222 1664 comitem
1239 1589 1308 1662 ali-

138 1721 322 1801 quantum
339 1711 556 1805 ampliorem
575 1721 613 1784 at
634 1711 782 1807 majoris
804 1711 1068 1782 aestimandam
1092 1711 1205 1782 habet
1223 1731 1307 1810 par·

138 1835 214 1898 tem
232 1827 635 1922 anglico-cambmcam:
655 1831 740 1900 “An
757 1829 1034 1924 english-welah
1051 1826 1307 1923 pmnouncing

135 1945 355 2039 dictionary.
385 1945 776 2019 Carmarthen1850.”
945 2029 948 2042 Ι

242 2063 393 2133 Formas
418 2063 569 2158 linguae
593 2065 758 2136 comicae
783 2063 993 2134 emorientis
1019 2062 1192 2156 proponit
1215 2083 1307 2154 opus

135 2179 360 2272 inscriptum
370 2210 377 2251 :
387 2181 688 2277 ·“Archaeclogia
704 2181 1053 2264 coma-britamrica,
1076 2205 1117 2252 or
1135 2203 1182 2252 an
1193 2179 1307 2272 Esaay

138 2305 177 2367 to
194 2321 366 2390 preserve
385 2299 448 2369 the
466 2299 615 2370 ancient
632 2299 776 2372 comish
793 2299 988 2394 langurga
1011 2297 1225 2390 containing
1243 2297 1307 2368 the

136 2414 345 2486 rudimenta
368 2413 411 2486 of
424 2417 505 2488 that
522 2417 658 2488 dialect
678 2417 719 2488 in
736 2441 759 2488 a
776 2417 920 2490 comish
938 2441 1121 2512 grammar
1138 2415 1211 2486 and
1229 2438 1307 2486 cor-

136 2531 386 2626 nish-english
404 2533 637 2628 vocabulary.
680 2533 736 2630 By
753 2535 924 2606 William
941 2535 1096 2631 Pryce,
1120 2535 1175 2604 M.
1198 2533 1247 2604 D.
1269 2529 1312 2604 of

138 2648 322 2734 Redruth,
345 2649 542 2722 Comwall.
565 2649 772 2724 Sherbome
794 2654 922 2724 1790.”

167 2799 174 2812 ·
240 2767 435 2838 Annorica
457 2767 587 2862 lingua
610 2770 789 2842 hodierna
813 2777 896 2863 post
913 2769 1151 2862 Lepelleterii
1168 2768 1301 2850 studia,

139 2882 245 2976 cujus
257 2905 350 2976 opus
359 2883 577 2978 inscriptum
589 2892 663 2956 est:
683 2886 959 2982 J'Dictionnaire
972 2887 1018 2956 de
1030 2884 1067 2955 la
1078 2885 1214 2978 langue
1223 2887 1307 2954 bre-

137 3007 270 3080 tonne,
301 3023 369 3092 par
392 3002 489 3072 Dom
507 3001 620 3074 Louis
639 3004 698 3073 Le
717 3002 955 3085 Pelletier,
985 3001 1169 3095 religieux
1187 3001 1307 3071 Bene-

138 3115 269 3186 dietin.
292 3117 398 3194 Paris
415 3117 510 3190 1752
520 3121 550 3202 ’'‚
573 3119 751 3190 cultorem
768 3121 1009 3214 praecipuum
1027 3117 1169 3198 invenit
1186 3119 1306 3214 Lego,

136 3233 325 3304 nidecum.
374 3237 536 3328 Operum
561 3236 641 3331 ejus
659 3238 772 3308 editio
793 3238 990 3309 novissima
1006 3237 1098 3308 haec
1115 3245 1188 3307 est:
1216 3236 1306 3306 “Di-2

137 3350 343 3422 ctionnaire
360 3349 666 3442 francais-bretcn
683 3355 729 3424 de
747 3357 806 3426 Le
818 3354 1024 3437 Gonidac‚
1048 3353 1189 3426 enrichi
1206 3353 1306 3424 d'ads
1384 3449 1387 3456 Δ

137 3467 276 3538 ditione
300 3477 340 3538 et
356 3470 444 3540 d’un
461 3467 553 3540 essai
570 3494 632 3542 sur
649 3470 823 3548 l'hiatoire
841 3473 887 3543 de
903 3471 942 3544 la
958 3471 1093 3566 langue
1111 3473 1302 3550 bretonne.

137 3585 213 3655 Par
238 3585 312 3654 Th.
339 3585 496 3656 Hersart
523 3585 569 3655 de
597 3585 635 3655 la
662 3586 986 3680 Villemarque.
1038 3588 1306 3659 Saint-Brieuo

142 3701 279 3782 law,
309 3709 347 3772 et
368 3701 650 3774 “Dictionnaire
676 3704 995 3796 breton-franeais
1020 3707 1065 3778 de
1083 3705 1144 3778 Le
1162 3703 1306 3776 Gonia

135 3819 237 3898 dec,
259 3819 417 3909 precede
434 3821 480 3890 de
498 3843 539 3890 aa
556 3823 774 3912 grammaire
792 3825 983 3906 antonne,
1005 3831 1042 3894 et
1059 3823 1201 3894 emichi
1218 3823 1307 3902 d’un

136 3943 413 4028 avant-propos.
441 3935 660 4008 d'additions
678 3943 716 4007 et
733 3940 778 4010 de
796 3947 890 4010 mota
908 3939 1036 4034 gallois
1055 3949 1092 4010 et
1109 3939 1210 4034 gaels
1228 3961 1307 4008 cor-

136 4051 383 4144 respondents
409 4077 457 4122 au
475 4053 625 4124 Breton.
673 4053 746 4125 Par
764 4055 835 4126 Th.
854 4055 1010 4128 Hersart
1035 4057 1081 4128 de
1103 4057 1141 4126 la
1158 4053 1307 4125 Ville-

136 4168 338 4257 marque'.
369 4169 637 4240 Saint-Brieuc
660 4169 794 4243 1850.”
831 4172 977 4244 Citatur
998 4173 1038 4242 in
1056 4179 1179 4242 nostro
1197 4193 1306 4262 opere

133 4283 335 4375 aliquoties
347 4285 587 4378 grammatica
598 4285 763 4381 ejusdem
776 4287 938 4383 linguae,
960 4311 1054 4380 quae
1068 4287 1205 4379 prodiit
1218 4289 1308 4360 Pras

134 4423 203 4494 gae
228 4401 326 4472 1800
346 4402 415 4472 cub
434 4402 560 4474 titulo:
588 4407 605 4424 '‘
618 4403 1169 4490 Grammatiealatinc-eeltica‚
1191 4405 1307 4480 doctis
1340 4443 1344 4448 ·
