3204 5084
622 427 818 472 ruanrsrro.
1239 409 1311 468 xm

135 581 329 678 subjunxi.
378 580 474 652 Sunt
491 580 589 652 enim
606 582 698 654 haee
715 590 954 654 monumenta
971 589 1114 654 vetusta
1131 580 1305 676 genuina,

134 709 281 772 servata
314 699 355 770 in
391 699 578 772 codicibus
618 701 834 794 aequalibus
869 700 1058 774 vetustiori
1092 699 1204 772 aetati
1238 699 1310 770 lin-

133 843 231 914 guae
250 819 470 890 cambrieae.
513 819 659 891 Harum
676 821 708 891 si
725 828 829 892 tenta
846 819 951 912 copia
968 827 1148 902 exstaret,
1171 825 1311 911 quanto

134 947 258 1010 exstat
275 937 547 1010 hibernicarum
571 937 791 1032 glossarum,
823 936 931 1010 facile
955 938 1036 1010 fieri
1063 946 1185 1033 posset
1211 945 1311 1008 vete-

133 1080 219 1128 rum
251 1055 458 1127 carminum
489 1056 753 1129 cambricorum
791 1056 975 1130 restitutio
1011 1056 1052 1128 ii1
1086 1055 1311 1150 primitivam

134 1167 299 1247 suamet
315 1173 517 1269 genuinum
533 1172 700 1246 formam.
731 1177 958 1271 Magnopere
975 1173 1090 1270 igitur
1108 1175 1311 1267 optandum

135 1303 211 1376 est,
246 1299 291 1364 ut
307 1291 378 1362 viri
395 1291 493 1362 docti
511 1293 690 1387 ejusmodi
708 1293 856 1388 glossas,
879 1317 974 1386 quae
991 1293 1032 1364 in
1050 1292 1237 1364 codicibus
1255 1291 1309 1364 bi-

134 1411 408 1483 bliothecarum
434 1417 550 1482 terrae
575 1411 797 1482 continentis
823 1411 882 1483 vel
909 1411 1112 1482 insularum
1130 1409 1311 1482 britanni-

134 1553 264 1600 carum
287 1527 429 1600 lateant
451 1529 680 1624 incognitae,
709 1529 924 1625 diligentius
944 1529 1168 1624 investigent
1195 1537 1251 1611 et,
1280 1527 1310 1598 si

133 1646 358 1729 invenerint,
380 1646 604 1740 publicent..

241 1765 347 1844 Quae
371 1776 594 1858 sequuntur,
624 1766 758 1858 partim
780 1767 931 1858 quidem
948 1767 1135 1861 pertinent
1155 1767 1202 1837 sd
1224 1788 1311 1836 ean-

136 1886 223 1956 dem
240 1893 420 1966 aetatem,
452 1907 474 1954 a
490 1884 754 1955 recentioribus
772 1894 895 1958 tamen
914 1885 1149 1978 scriptoribus
1167 1891 1309 1954 mutata

136 2013 175 2075 et
193 2003 432 2097 transscripta
448 2012 535 2074 sunt
551 2002 592 2073 in
609 2001 763 2075 formam
780 2003 930 2098 linguae
949 2028 1036 2074 suae
1054 2003 1196 2075 aetatis.
1227 2001 1309 2073 Ho-
1408 2079 1412 2086 .

135 2146 220 2194 rum
245 2121 364 2215 primo
388 2121 469 2194 loco
494 2123 687 2215 ponendus
713 2134 768 2194 est
798 2123 893 2194 liber
916 2122 1186 2202 Laudavensis,
1221 2120 1307 2195 dein

134 2240 263 2336 legum
282 2241 398 2311 codex
415 2240 605 2311 vetustior.

243 2363 278 2432 5.
318 2359 431 2430 Liber
461 2359 732 2431 Landavensis.
782 2359 906 2431 Multa
928 2368 1072 2431 vetusta
1101 2367 1220 2430 servat
1250 2358 1308 2429 in-

135 2485 247 2558 tacta,
270 2478 359 2548 dum
376 2476 417 2547 in
434 2475 516 2548 aliis
533 2501 664 2548 manus
680 2501 859 2549 renovans
877 2479 1176 2571 deprehenditur.
1213 2478 1308 2550 Scri-

134 2605 219 2689 ptor
238 2593 357 2678 enim,
388 2595 452 2686 qui
471 2596 676 2688 composuit
693 2595 828 2667 librum
852 2597 997 2667 saeculo
1015 2596 1232 2668 duodecimo
1249 2596 1307 2666 in·

135 2723 249 2785 eunte
266 2736 384 2804 usque
402 2715 449 2784 ad
460 2737 493 2784 a.
511 2714 619 2796 1132,
642 2715 765 2786 hausit
783 2739 803 2785 e
821 2715 945 2785 codice
963 2716 1172 2798 vetustiore,
1195 2727 1306 2806 atque

1 2849 2 2882 l
135 2855 183 2903 ex
208 2833 338 2903 eodem
364 2830 423 2902 vel
448 2831 560 2904 etiam
593 2856 613 2904 e
644 2833 825 2905 tabidario
858 2832 1031 2903 ecclesiae
1058 2831 1307 2904 Landevensis

133 2950 313 3044 plurimas
330 2950 461 3022 finium
480 2938 741 3045 descriptiones
767 2949 948 3021 cambrice
974 2950 1125 3042 scriptas
1142 2949 1306 3040 itemque

132 3069 330 3164 privilegia
354 3068 584 3163 episcopatus
610 3069 790 3142 cambriee
816 3067 1016 3161 composita
1050 3066 1118 3162 (ed.
1147 3092 1185 3161 p.
1221 3067 1302 3163 113)

1 3179 2 3270 ζ
132 3189 253 3260 offert.
285 3188 435 3259 Praeter
452 3188 544 3260 haee
560 3189 641 3282 ipsa
651 3188 806 3283 linguae
825 3195 1064 3258 monumenta
1080 3187 1174 3258 liber
1191 3195 1306 3259 scatet

1 3377 2 3388 ,
133 3305 347 3378 nominibus
363 3306 520 3400 propriis
537 3307 728 3379 cambrieis
745 3305 958 3400 praesertim
976 3305 1136 3376 virorum
1154 3314 1192 3377 et
1208 3305 1306 3376 loco-

132 3447 228 3504 rum,
252 3445 348 3514 quae
366 3433 563 3526 occurrunt
582 3425 623 3496 in
641 3425 776 3496 chartis
794 3423 955 3496 collectis
972 3425 1013 3496 in
1031 3426 1155 3497 codiee
1173 3449 1195 3496 a
1213 3433 1305 3495 tem-

1 3575 2 3584 *
131 3541 286 3635 poribus
302 3543 504 3635 primorum
522 3543 695 3615 ecclesiae
714 3544 984 3638 episcoporum,
1014 3541 1202 3623 Dubricii‚
1234 3542 1305 3615 Te-

12 3643 15 3648 ’
130 3659 232 3743 liavi,
264 3660 450 3746 Oudocei‚
482 3664 529 3735 ab
554 3663 662 3734 initio
687 3662 824 3734 saeculi
846 3661 1077 3753 sextiusque
1095 3663 1142 3732 cd
1160 3671 1305 3753 tempus

131 3801 206 3870 quo
223 3777 383 3871 scriptus
400 3790 467 3852 est.
509 3781 642 3853 Editus
660 3789 715 3852 est
732 3781 793 3852 hic
810 3781 904 3852 liber
922 3805 1009 3851 cura
1026 3779 1209 3852 societatis
1226 3803 1303 3848 ma-

129 3897 405 3990 nuscriptorum
423 3900 638 3976 cambrieae,
669 3923 743 3970 non
762 3923 782 3970 e
800 3899 924 3970 codice
942 3899 1079 3971 saeculi
1096 3895 1304 3970 duodecimi

1 4100 3 4112 J
129 4015 209 4110 ipso
245 4015 419 4107 quidem,
460 4019 525 4109 qui
559 4017 710 4090 evanuit
744 4016 946 4089 recentiore
980 4025 1120 4098 aetate,
1166 4015 1230 4086 sed
1255 4037 1303 4084 ex

129 4135 353 4230 apographis
370 4135 525 4219 duobus,
548 4161 623 4208 uno
639 4135 863 4230 praesertim,
887 4137 987 4226 quod
1004 4134 1138 4206 codicis
1157 4134 1203 4203 ad
1220 4131 1303 4202 lite-

128 4277 186 4325 ras
209 4253 477 4345 literarumque
500 4253 634 4326 formas
660 4278 737 4326 esse
769 4255 1013 4326 imitationem
1049 4251 1205 4323 refertur
1240 4247 1298 4344 (cf.

128 4371 398 4466 praefationem
411 4371 580 4446 editionis
594 4399 632 4467 p.
644 4375 821 4445 XXVII.
832 4373 1065 4469 XXXVII).
1093 4371 1116 4442 J
1119 4393 1178 4442 am
1194 4377 1303 4440 antea

128 4494 311 4584 quaedam
336 4489 527 4584 publicata
553 4501 658 4565 erant
682 4491 722 4562 in
749 4491 927 4586 Dugdalii
951 4491 1156 4564 Monostioo
1182 4489 1302 4586 angli·
1354 4517 1359 4524 ·
