3204 5084
299 385 361 444 XII
783 398 985 442 russrsrros

298 575 341 622 cc
370 550 607 624 scientiarum
639 552 898 645 appetentibus
924 551 1011 622 viris
1043 551 1244 644 composite
1270 553 1317 623 ab
1341 552 1465 626 Alcno

299 668 546 741 Dumoulin
563 672 807 764 presbyterc.”
1334 652 1346 676 ⁹

401 787 607 858 Hibernica
629 788 774 883 lingua,
804 794 970 878 extrema
993 795 1031 858 et
1054 785 1188 857 ultima
1211 786 1375 858 omnium
1394 787 1467 860 lin-

296 927 454 998 guarum
465 905 634 998 Europae
653 906 813 978 etAsise
831 929 854 975 c
869 904 1068 998 primordio
1086 903 1264 988 affinium,
1286 909 1330 974 ut
1341 905 1466 986 ¹Thule

297 1021 419 1092 insule
450 1031 506 1093 est
537 1023 669 1094 ultima
692 1024 861 1116 Europae
875 1080 882 1104 ,
895 1021 917 1062 ²*
953 1023 993 1092 in
1019 1021 1321 1112 inquisitionibus
1352 1021 1466 1116 hujus

296 1140 428 1233 operis,
451 1163 546 1232 quse
563 1141 603 1212 id
621 1149 805 1233 quaerunt
817 1141 1044 1232 praesertim,
1067 1161 1163 1231 quse
1180 1136 1320 1224 suerint
1336 1139 1465 1232 primi-

297 1256 394 1328 tivae
418 1265 457 1328 et
481 1281 692 1330 communes
718 1258 869 1330 celticae
895 1255 1034 1328 formae
1064 1265 1103 1328 et
1130 1257 1312 1354 quomodo
1339 1257 1465 1328 exeis

294 1375 473 1468 prodierit
489 1377 671 1448 recentior
689 1376 862 1454 varietas,
892 1376 1054 1468 primum
1071 1374 1194 1446 locum
1212 1373 1283 1444 sibi
1300 1375 1464 1446 vindicet

294 1484 525 1586 primamque
543 1493 794 1590 diligentiam,
823 1515 899 1562 non
924 1493 1043 1566 solum
1065 1493 1112 1562 ob
1137 1491 1312 1586 majorem
1328 1489 1465 1562 forma·

294 1633 378 1680 rum
405 1613 612 1682 ubertatem
637 1612 787 1706 linguae
806 1608 941 1702 ipsius,
973 1611 1038 1681 sed
1062 1609 1174 1680 etiam
1190 1611 1238 1680 ob
1262 1608 1464 1702 copiosiora

295 1735 534 1800 monuments
555 1737 699 1800 servata
723 1729 764 1799 in
790 1727 977 1798 codicibus
1008 1727 1162 1798 vetustis
1185 1726 1403 1808 hibernicis,
1440 1751 1463 1797 a

295 1845 431 1948 quibus
447 1846 557 1940 longe
575 1855 795 1939 superantur
812 1853 888 1916 tem
906 1869 1062 1916 numero
1077 1867 1189 1936 quam
1206 1851 1462 1914 contentorum

294 1963 401 2056 copia
425 1963 623 2035 britannici
648 1964 790 2035 codices
808 1963 973 2058 ejusdem
999 1961 1129 2032 aetatis
1147 1960 1207 2032 vel
1222 1961 1345 2054 potius
1363 1985 1462 2032 ccm-

293 2079 404 2162 brici‚
435 2081 501 2174 qui
526 2081 666 2152 scilicet
689 2081 758 2152 soli
784 2087 943 2151 aetatem
964 2077 1238 2150 hibernicorum
1255 2078 1457 2172 attingunt.

294 2198 375 2270 Hos
389 2221 475 2292 ergo
490 2200 643 2283 codices,
667 2221 714 2270 ex
727 2199 862 2298 quibus
875 2197 938 2268 hic
950 2197 1045 2268 liber
1057 2195 1183 2278 crevit,
1202 2195 1410 2267 hibernicos
1423 2203 1462 2267 et

293 2315 529 2400 britannicos,
551 2324 589 2387 et
606 2317 738 2388 horum
755 2317 955 2388 cembricos
973 2321 1049 2385 tsm
1066 2321 1228 2384 vetustos
1245 2336 1357 2404 quam
1375 2337 1460 2383 cum

293 2434 447 2505 cornicis
471 2443 509 2506 et
526 2435 710 2506 armoricis
734 2435 974 2515 recentiores,
1004 2429 1167 2526 singulos
1194 2431 1396 2523 producere
1422 2437 1460 2501 et

293 2551 497 2624 describere
527 2551 679 2648 (omissis
704 2566 849 2624 tamen.
878 2575 974 2644 quse
991 2575 1057 2623 nos
1075 2551 1197 2622 minus
1216 2555 1393 2642 tangunt,
1422 2571 1455 2618 e.

292 2691 348 2762 gr.
361 2666 490 2748 forma,
512 2693 607 2761 quae
621 2670 737 2766 major
750 2677 805 2742 est
818 2668 894 2740 fere
908 2669 948 2741 in
961 2669 1142 2750 omnibus,
1157 2665 1289 2736 habitu
1307 2673 1460 2737 externo

292 2787 380 2881 etc.)
399 2788 641 2880 praecipuum
657 2788 768 2883 hujus
786 2788 963 2881 prooemii
981 2792 1239 2880 argumentum
1256 2789 1324 2855 est.
1420 2817 1427 2833 ·

360 3017 374 3046 ⁸³
391 3017 482 3072 Etiam
500 3019 624 3074 ultimam
641 3021 747 3074 Thulen
764 3020 872 3075 saeculo
891 3021 980 3074 ndbnc
1005 3035 1079 3072 nono
1098 3031 1184 3087 nsque
1202 3015 1238 3070 sd
1254 3014 1459 3086 occupationem

291 3101 529 3156 Nordmsnnorum
548 3105 697 3174 hebitstsm
716 3105 799 3158 fuisse
816 3105 850 3158 sb
869 3103 1014 3166 Hibernis,
1035 3102 1115 3155 docet
1132 3099 1188 3153 An'
1197 3098 1296 3164 rste.
1315 3099 1460 3153 historicus

292 3183 443 3250 blandius,
464 3185 492 3238 in
514 3185 583 3239 libro
602 3205 652 3239 suo
669 3187 799 3258 inscripto
810 3187 1027 3258 Islcndtnqobdk,
1049 3205 1072 3240 c.
1090 3189 1117 3239 l:
1137 3183 1235 3236 island
1246 3183 1462 3255 byqdlu'sksyrst

292 3267 327 3319 sir
336 3267 459 3338 Noroeyi
468 3271 485 3322 ά
497 3270 592 3339 Quos
603 3271 727 3323 Horclds
737 3273 945 3342 snsHa'rfhpra,
962 3309 969 3322 .
980 3309 987 3323 .
1002 3274 1017 3324 8
1030 3269 1172 3323 hundnsdh
1184 3269 1219 3320 ok
1232 3271 1264 3320 70
1276 3273 1378 3320 esbum
1391 3269 1462 3338 ephi*

292 3349 378 3402 burdii
396 3347 552 3406 lirum...
577 3355 636 3408 PM
660 3372 726 3408 coru
745 3356 792 3409 ner
808 3375 888 3410 mnu
905 3355 1028 3420 trebir,
1056 3353 1125 3406 their
1142 3369 1171 3406 er
1187 3352 1364 3406 Nordlsmsnn
1384 3353 1461 3406 kailo

285 3452 375 3504 popa,
395 3455 428 3488 en
442 3437 511 3490 tlscir
520 3439 591 3506 sens
610 3441 707 3492 stdlsan
724 3443 741 3493 d
754 3441 846 3505 haut,
866 3441 904 3509 as
917 3439 974 3493 thot
991 3445 1021 3491 ot
1039 3437 1107 3491 their
1118 3435 1191 3488 os'ldu
1203 3431 1256 3505 crisi
1266 3453 1326 3488 occa
1339 3437 1387 3488 hdr
1398 3437 1462 3490 vidls

290 3517 406 3572 desidium
417 3539 505 3586 mmo,
520 3523 554 3574 ok
569 3523 623 3576 len
632 3523 702 3593 φῶ·
713 3525 805 3578 boekr
816 3524 940 3577 irskar
951 3523 986 3576 ok
998 3521 1095 3574 ticum
1107 3521 1141 3572 ok
1154 3519 1241 3588 hayla.
1259 3521 1371 3588 ,ΨΜ
1381 3522 1464 3574 mdtts'

288 3601 372 3670 sicilia
383 3609 415 3658 at
428 3605 497 3660 metr
508 3625 574 3660 coru
590 3625 617 3660 m
625 3625 688 3660 cns
707 3607 720 3658 ι’
725 3607 804 3662 rsks‘
808 3626 823 3660 r
837 3607 968 3676 (Islsndis
980 3607 1083 3660 inculu
1094 3613 1135 3660 est
1147 3607 1262 3677 primum
1275 3621 1309 3658 ex
1321 3605 1461 3675 Norrsgis

290 3687 386 3742 diebus
396 3689 511 3744 Hsruldi
524 3692 661 3761 Hsrfngri,
675 3692 753 3746 snnis
766 3695 816 3744 870
829 3691 1017 3770 praeterlapsis
1029 3697 1092 3760 post
1104 3691 1241 3744 Christum
1253 3697 1357 3742 notum.
1388 3691 1460 3744 Fus-

289 3779 356 3824 runt
372 3771 411 3825 ibi
429 3774 480 3828 riri
498 3775 652 3840 christiani,
674 3793 742 3846 quos
760 3775 930 3829 Nordmnnni
947 3776 1042 3829 dicunt
1056 3792 1139 3844 pspss
1152 3773 1364 3844 [presbyteros],
1385 3781 1413 3826 ct
1431 3774 1460 3827 hi

289 3855 416 3912 obierunt
427 3857 505 3924 inde,
526 3859 589 3930 quis
609 3859 755 3914 noluerunt
773 3877 881 3913 manere
898 3859 936 3913 ibi
954 3875 1015 3912 cum
1028 3859 1092 3912 viris
1104 3859 1231 3930 paganis,
1253 3867 1281 3911 et
1292 3857 1462 3928 reliquerunt

288 3937 405 3994 libros
418 3941 624 4000 hibernicos
637 3953 665 3998 ct
676 3943 860 3998 tintinnabula
872 3951 900 3997 et
911 3943 1001 4014 virgus
1013 3943 1192 4014 episcopales,
1208 3943 1281 3996 unde
1293 3943 1394 4014 poterit
1405 3943 1460 3997 col·

288 4024 337 4096 ligi
351 4026 425 4096 quod
433 4027 484 4098 ipsi
493 4027 604 4082 luerunt
615 4029 684 4082 riri
695 4028 854 4081 hibernie
863 4028 895 4098 i).
914 4027 1021 4097 Dignus
1032 4027 1130 4098 estqui
1142 4035 1252 4080 notetur
1259 4028 1294 4080 sd
1306 4027 1371 4080 hsce
1384 4027 1461 4080 locus

287 4109 371 4162 Plinii
380 4109 416 4179 (l,
430 4111 471 4181 lb)
483 4131 489 4164 ι
500 4109 585 4165 “sunt
597 4113 644 4182 qui
657 4121 684 4166 ct
696 4113 762 4166 alies
774 4113 876 4165 insulss
888 4111 1013 4182 produnt,
1024 4111 1176 4175 Scandism,
1188 4112 1335 4176 Dumnnm,
1344 4111 1458 4180 Bruges,

287 4195 486 4266 maximamque
511 4197 632 4250 omniurn
654 4197 828 4266 Nerigon,
857 4213 896 4249 cx
921 4211 987 4265 qus
1010 4195 1046 4248 in
1071 4195 1208 4249 Thulen
1232 4192 1457 4264 navigetur”.

287 4277 423 4346 Equidem
437 4287 467 4332 ut
479 4281 599 4351 Beryton
611 4281 692 4334 etism
704 4281 835 4349 Ners'qcn,
850 4287 939 4334 ortum
953 4279 1125 4349 corruptione
1137 4297 1171 4334 sx
1184 4280 1288 4344 eodem,
1303 4295 1401 4332 nomeu
1415 4297 1460 4332 ve-

286 4367 390 4415 tustum
403 4363 560 4428 Hiberniae,
569 4375 597 4418 et
614 4373 646 4418 ut
656 4363 757 4418 Albion
774 4365 808 4416 cb
821 4363 916 4417 incolis
935 4363 1001 4433 ipsis
1013 4361 1162 4417 insularum
1175 4363 1385 4418 britannicarum
1399 4381 1460 4434 pro·

286 4445 387 4500 lectum
399 4447 502 4517 conjeci
515 4447 543 4501 iu
556 4447 626 4502 libro
638 4465 698 4502 meo
711 4448 746 4502 de
758 4447 899 4501 Germanis
912 4447 1094 4519 gentibusque
1105 4449 1201 4504 vicinis
1215 4449 1253 4520 (p.
1271 4451 1328 4502 194.
1345 4445 1415 4516 195).
