3242 5080
317 379 380 440 2¹26
648 376 695 438 ΙΙ.
720 379 750 438 2.
796 395 917 440 nusnrs
933 395 1149 439 nransruous.

317 567 454 650 plorum,
470 586 551 648 quae
566 587 584 628 e
599 565 759 629 codicibus
773 587 830 648 pro
845 565 993 630 omnibus
1008 585 1104 646 supra
1118 562 1249 647 prolatis
1260 561 1401 625 seriebus
1412 583 1484 646 pos-

318 669 384 733 sint
399 669 512 732 afferri.
538 671 700 734 Numerus
716 692 782 733 non
796 692 853 754 per
867 691 901 734 se
915 670 1013 746 solus,
1028 680 1065 732 ut
1079 690 1108 731 e.
1122 691 1170 752 gr.
1184 669 1220 730 in
1233 665 1480 751 lingua'grsecs,

318 795 468 858 personas
489 775 540 836 vel
560 796 609 837 res
631 777 710 838 duas
732 775 908 858 significat,
933 775 988 837 sed
1010 783 1210 837 constructus
1232 795 1306 836 cum
1327 772 1485 836 numerali

319 881 373 955 ds,
391 879 436 954 cli,
455 879 508 942 dib
524 879 639 942 formas
653 879 770 942 mixtos
786 879 962 962 singulares
976 889 1009 942 et
1022 879 1161 961 plurales
1176 879 1306 942 exhibet
1320 879 1356 942 in
1372 877 1484 961 lingua

320 983 465 1046 codicum
486 993 685 1060 nostrorum,
711 1005 793 1066 quae
814 994 891 1047 sunt
905 983 1049 1047 residuae
1062 983 1174 1066 procul
1188 983 1285 1047 dubio
1300 1005 1318 1046 e
1332 982 1484 1047 vetustio-

319 1089 406 1151 ribus
422 1087 530 1151 formis
546 1087 681 1172 propriis
697 1087 794 1171 hujus
809 1088 945 1152 numeri.

405 1191 543 1256 Articuli
563 1191 664 1256 forma
684 1192 719 1255 in
734 1215 924 1276 quocunque
938 1214 1014 1256 casu
1029 1203 1061 1255 st
1075 1213 1190 1276 genera
1204 1213 1270 1256 non
1285 1191 1348 1255 alia
1362 1190 1484 1253 inveni-

320 1309 372 1360 tur
387 1319 483 1380 quam
499 1297 550 1360 IN
565 1310 640 1360 ante
654 1298 679 1359 d
697 1297 904 1380 incipientem
925 1298 1108 1374 numeralis,
1126 1319 1207 1381 quae
1222 1298 1256 1360 in
1270 1317 1337 1360 uno
1352 1317 1484 1380 sequen-

322 1402 401 1465 tium
416 1401 634 1484 exemplorum
648 1412 697 1464 est
712 1401 891 1484 scriptionis
906 1403 1003 1467 durae
1018 1403 1074 1466 dd.

360 1523 364 1528 ·
407 1505 631 1589 Paradigmata
662 1506 801 1588 primum
833 1506 984 1570 seriarum
1015 1505 1169 1591 prioris
1200 1506 1381 1583 ordinis,
1409 1505 1485 1569 dein

320 1611 464 1694 exempla
476 1611 569 1674 obvia
579 1611 614 1674 in
625 1611 797 1675 codicibus.
823 1611 961 1675 Lunulis
973 1611 1209 1695 circumscripta
1219 1611 1384 1696 supposita
1394 1621 1482 1674 sunt.

763 1797 887 1859 Maso.
906 1805 1039 1860 neutr.

678 1945 746 2009 Ser.
765 1947 794 2009 I.
970 1947 1039 2011 Ser.
1057 1947 1104 2046 II.
1195 1947 1263 2010 Ser.
1282 1947 1348 2010 III.

486 2064 583 2126 Nom.
629 2063 693 2126 ceila
708 2063 787 2145 (ss)
819 2081 824 2092 ’
993 2063 1062 2128 tall
1233 2064 1300 2128 titt

486 2167 571 2231 Gen.
628 2165 717 2250 (oble)
991 2168 1099 2251 (baill)
1233 2168 1321 2232 botho

487 2272 563 2334 Dat.
628 2270 734 2354 (solit)
991 2273 1116 2355 (balli)
1230 2271 1328 2337 bittit

486 2378 562 2439 Aoo.
628 2375 692 2438 oble
991 2377 1059 2441 halt
1231 2377 1296 2441 titt

851 2544 953 2608 Fem.

719 2695 788 2760 Ser.
805 2695 866 2760 IV.
1034 2696 1102 2761 Ser.
1120 2699 1162 2762 V.
1217 2793 1221 2798 ἡ

527 2838 529 2842 ’
614 2814 712 2880 Nom.
754 2811 842 2876 tuars'
1054 2814 1150 2878 raino

615 2919 699 2982 Gen.
753 2924 843 2980 tuere
1050 2939 1135 2984 rann

527 3005 528 3010 ἵ
614 3023 691 3088 Dat.
754 3020 860 3086 aaut
1052 3023 1168 3090 rannsb

616 3128 692 3192 Ace.
753 3124 842 3191 lucari
1053 3129 1150 3194 raino

807 3307 949 3372 Series
971 3311 1000 3372 I.

409 3464 505 3526 Nom.
534 3481 631 3524 masc.
660 3457 760 3522 videri
785 3458 886 3542 possit
912 3459 1054 3524 obtinere
1079 3461 1114 3524 in
1136 3460 1307 3544 adjectivo:
1333 3461 1489 3528 dadms'lls

323 3565 499 3648 aeqepsacda·
512 3565 589 3648 (duo
603 3562 745 3627 Druidae
759 3562 950 3648 aegyptiaci)
965 3567 1041 3631 Wb.
1057 3571 1110 3628 30⁶
1118 3590 1127 3641 3
1145 3567 1201 3630 sed
1215 3565 1359 3650 sequitur
1372 3567 1437 3654 adj.
1453 3567 1489 3632 in

324 3670 442 3753 plurali
457 3668 553 3732 etiam
567 3668 672 3733 hodie.

409 3776 544 3840 Neutr.:
567 3781 657 3839 aaut
670 3773 811 3858 danorps
825 3775 922 3858 ropab
937 3775 1049 3839 abram
1064 3777 1155 3858 (sunt
1168 3776 1250 3838 duae
1264 3773 1486 3854 haereditates,

323 3901 402 3964 quas
417 3879 538 3964 accepit
551 3879 727 3962 Abraham)
742 3880 818 3943 Wb.
837 3883 878 3942 2⁰.
903 3879 947 3942 da
968 3879 1031 3943 llas
1041 3879 1105 3964 sor
1124 3879 1176 3944 din
1197 3878 1279 3944 listis·
1301 3881 1359 3963 (gl.
1377 3879 1490 3945 diebus

323 3984 454 4049 alternis
473 3983 678 4069 apposuimus
699 3981 823 4058 literas3
847 3983 870 4046 i.
888 4005 917 4047 e.
935 3983 1014 4048 duos
1034 3984 1100 4048 dies
1117 3985 1176 4048 sub
1192 3984 1375 4063 unalitate,
1392 3985 1428 4049 in
1443 3995 1490 4050 ta·

323 4091 399 4154 bula
414 4089 572 4172 chronol.)
588 4089 643 4154 Cr.
663 4084 726 4150 31⁸¹.
745 4087 885 4172 indaqad
898 4089 994 4170 (duae
1008 4089 1139 4173 formae)
1155 4091 1212 4174 Sg.
1232 4094 1316 4152 168¹.

410 4194 521 4259 Genit.
539 4205 572 4257 et
586 4195 652 4256 dat.
669 4213 736 4256 non
750 4191 845 4254 obvii.
1547 4261 1555 4272 ⁸

410 4301 525 4362 Aecus.
548 4317 645 4360 maso.
670 4296 721 4359 vel
746 4303 872 4358 uentu:
906 4295 998 4360 dabir
1019 4297 1139 4362 daca.
1162 4297 1257 4362 dato
1279 4297 1414 4362 imduda
1434 4319 1495 4363 are

325 4398 434 4482 (ἅπαξ
447 4397 620 4486 λεγόμενα)
635 4399 763 4463 Incant.
781 4399 837 4482 Sg.
