3232 5074
316 356 377 420 382
519 355 567 418 II.
593 362 623 418 4.
670 373 1264 423 raon.sarr.nnnsonsnn1nrrxurr.

314 539 363 588 est
388 535 472 588 certo
498 534 530 587 21
555 523 617 588 211ο
642 525 737 588 modo
761 545 820 608 232
840 523 873 588 id
892 545 958 587 non
979 523 1128 606 dicerem)
1151 529 1222 600 183,
1243 530 1272 584 1.
1304 521 1386 586 Inde
1407 533 1480 586 orta

314 631 414 694 forma
427 651 471 692 on
485 629 586 712 222312
602 630 745 692 absolute
760 629 873 712 posita,
887 651 960 692 eum
974 651 1040 692 non
1052 631 1141 692 adest
1155 627 1311 714 particula
1321 629 1476 691 verbalis:

314 756 382 798 war
396 734 556 819 penakyll
575 757 617 798 on
629 753 726 817 92222
741 733 790 814 (in
804 733 976 817 pinnaculo
991 755 1064 798 eum
1078 733 1199 818 posuit)
1219 739 1269 810 13,
1288 739 1318 796 3.
1343 755 1386 797 222
1401 735 1478 816 dep-

307 861 372 922 pro
388 840 486 921 (edite
502 861 587 916 eum,
604 841 734 922 panem)
751 847 802 916 44,
821 847 852 902 4.

400 946 422 1008 S
439 945 562 1008 cornice
572 945 677 1009 adhue
688 965 837 1028 personas
848 943 1032 1028 praesertim
1042 944 1166 1027 generis
1178 944 1324 1009 feminini
1336 943 1474 1008 indioat:

306 1049 421 1135 ,2912412
435 1071 524 1112 maor
538 1072 575 1114 as
590 1049 744 1126 1222222222,
762 1070 886 1132 9292292
902 1049 967 1134 lym
982 1070 1019 1112 os
1034 1049 1176 1114 1222222222
1191 1050 1332 1132 (miseria
1345 1071 1474 1132 magna,

313 1155 436 1218 dolores
451 1175 536 1218 acres
552 1176 622 1218 eam
636 1164 799 1237 espenmt,
818 1153 970 1230 Mariam
987 1153 1059 1236 o's),
1077 1177 1120 1217 on
1135 1153 1204 1218 seth
1218 1177 1254 1218 22
1266 1155 1397 1240 92291912
1413 1158 1477 1236 (sa-

313 1259 394 1343 31112
415 1281 485 1324 eam
505 1259 683 1342 percussit),
701 1257 805 1322 222122
825 1280 914 1322 mear
934 1281 1083 1344 22922292
1097 1261 1234 1340 (moeror
1254 1281 1389 1342 22232222
1404 1281 1476 1322 eam

314 1365 501 1449 premebat),
519 1363 583 1448 1129
602 1365 674 1426 mah
696 1387 733 1428 22
751 1363 845 1447 922112
861 1366 907 1444 (21
929 1363 1014 1427 filius
1036 1364 1105 1446 ejus
1126 1385 1196 1428 eam
1216 1364 1364 1446 honorat)
1381 1366 1473 1428 Pasa.

318 1478 389 1546 161,
408 1476 438 1532 2.
458 1474 530 1544 222,
550 1461 580 1531 4.
600 1473 673 1545 224,
694 1476 722 1532 2.
742 1475 815 1544 222,
834 1477 864 1532 4.
885 1474 958 1545 222,
978 1475 1008 1530 2.
1040 1469 1208 1532 Praeterea
1227 1490 1287 1545 ms,
1306 1469 1371 1532 sive
1391 1489 1475 1532 mas·

314 1575 459 1639 culinum
476 1575 518 1638 sit
532 1593 649 1638 nomen
665 1573 731 1636 sive
746 1573 948 1652 femininum,
965 1573 1000 1637 in
1015 1573 1123 1636 formis
1138 1596 1175 1638 22
1190 1585 1285 1660 atys,
1303 1595 1383 1657 quae
1398 1585 1491 1636 sunt.

314 1680 475 1743 interdum
490 1679 653 1742 absolutae
665 1678 849 1762 positionis:
868 1680 909 1763 ff
916 1679 1062 1742 oriculas
1075 1679 1132 1740 dre
1142 1699 1196 1741 sor
1207 1679 1281 1741 bras
1294 1678 1366 1742 112222
1375 1677 1475 1741 Etle-

314 1807 383 1847 won
405 1785 487 1866 (ipse
507 1782 638 1866 projecit
658 1783 692 1846 id
712 1805 785 1846 oum
804 1783 852 1846 122
873 1805 991 1867 magns
1004 1781 1147 1859 Judaeis,
1164 1785 1266 1846 Judas
1287 1793 1471 1865 argentum

313 1889 592 1973 2291222222221222.
610 1887 881 1970 2222221222.)
895 1889 933 1952 P.
952 1895 1022 1964 103,
1040 1894 1069 1950 3.
1086 1910 1129 1972 ny
1144 1909 1186 1950 on
1194 1909 1316 1970 9222222
1332 1887 1382 1952 tho
1395 1909 1475 1950 soor·

315 1994 386 2079 11292
407 1993 451 2056 ho
470 2013 507 2056 os
520 2015 581 2076 pes
596 1995 668 2074 (nos
688 2014 762 2056 eum
782 1993 917 2056 emimus
937 2015 956 2055 a
971 2004 1002 2056 te
1016 2003 1049 2056 21
1063 1993 1096 2056 id
1111 1993 1273 2068 solvimus,
1291 1997 1474 2076 argentum)

317 2105 388 2174 105,
408 2103 438 2160 2.
454 2121 476 2182 9
482 2099 525 2182 se
529 2099 654 2182 9129932
667 2119 705 2182 92
721 2099 819 2182 212299
837 2097 980 2182 0121219
995 2097 1097 2160 horson
1114 2097 1190 2178 (fuit
1204 2107 1372 2174 2121221222,
1389 2119 1472 2174 eam,

314 2225 450 2280 crucem,
468 2213 592 2286 portare
607 2201 772 2266 Christum
786 2201 906 2284 ipsum)
924 2209 995 2278 160,
1014 2209 1045 2264 4.

398 2310 522 2406 Armor.
540 2308 573 2372 N
589 2329 705 2370 maso:
731 2307 863 2370 02222222
884 2328 958 2369 roeo
981 2315 1051 2370 1222
1065 2306 1153 2370 212122
1167 2327 1224 2370 ren
1236 2328 1390 2389 preserrw
1406 2308 1474 2388 (be-

313 2414 451 2478 nedictio
470 2411 552 2496 22312
574 2412 761 2476 thronorum
783 2433 857 2476 eum
877 2423 1066 2494 praeservat,
1084 2411 1254 2494 Davidem)
1272 2417 1344 2488 200,
1366 2419 1415 2474 16.
1440 2433 1475 2474 ez

315 2519 443 2604 toueuff
453 2566 461 2582 .
482 2566 489 2581 .
507 2539 567 2581 nen
589 2517 704 2600 doetus
720 2516 821 2599 (juro,
840 2518 925 2599 quod
946 2537 1020 2580 eum
1039 2539 1106 2580 non
1126 2516 1214 2598 fallo)
1233 2523 1304 2592 160,
1326 2523 1375 2580 19.
1402 2525 1431 2580 12
1454 2539 1474 2578 o

310 2647 390 2712 9222
405 2627 463 2689 doe
477 2646 538 2687 nen
552 2621 672 2686 22212212
684 2623 734 2704 (tu
749 2622 821 2698 2212,
835 2622 925 2698 deus,
939 2622 1024 2704 quod
1035 2643 1102 2684 non
1112 2621 1142 2684 ei
1153 2621 1243 2698 22221,
1257 2621 1337 2704 2231)
1350 2628 1402 2698 44,
1419 2627 1471 2683 23.

313 2733 449 2796 Neutr.:
474 2728 524 2792 ool
543 2749 564 2790 o
580 2749 656 2810 9222
668 2727 739 2811 fier
752 2747 805 2790 ma
826 2747 887 2790 non
898 2747 975 2809 9222
990 2727 1163 2810 (jacturam
1177 2727 1253 2790 facis
1268 2749 1428 2810 22232222,
1446 2726 1474 2790 21

312 2837 379 2900 non
393 2836 427 2898 id
440 2833 531 2914 facis)
547 2839 618 2908 164,
634 2837 663 2895 8.
681 2853 742 2896 oen
753 2830 924 2915 qm'ffquet
937 2834 1017 2914 (non
1030 2831 1201 2914 1221222121)
1217 2837 1288 2908 188,
1303 2839 1335 2894 4.
1359 2833 1473 2894 Forma

313 2940 459 3004 absoluto
477 2939 556 3002 EN:
581 2959 641 3019 nep
662 2959 701 3000 22
722 2943 856 3000 ormano
872 2937 998 3019 (nequis
1019 2957 1093 3000 eum
1115 2947 1265 3014 transeat,
1281 2938 1401 3019 locum)
1417 2941 1470 3012 92,

313 3055 344 3110 4.
363 3068 412 3128 po
426 3067 466 3108 222
486 3041 637 3126 menooff
649 3063 710 3104 22222
724 3039 838 3125 ouffaf
852 3041 981 3125 quet(si
996 3041 1149 3124 idpsum,
1166 3064 1232 3106 non
1247 3041 1380 3126 aecipio)
1398 3048 1470 3118 168,

316 3159 367 3214 10.
392 3149 583 3214 Coalesount
603 3169 676 3210 2222
690 3147 800 3210 eadem
815 3156 847 3209 et
861 3147 1050 3229 pronomina
1063 3146 1239 3230 personalia
1253 3167 1313 3224 222,
1330 3147 1385 3212 m':
1401 3167 1473 3210 mon

311 3255 405 3340 92221
418 3252 548 3338 (gratias
563 3273 623 3334 232
637 3251 680 3334 21)
699 3259 770 3328 130,
792 3259 841 3314 14.
865 3271 936 3316 men
951 3261 999 3314 too
1013 3255 1085 3335 (232
1099 3251 1134 3314 id
1149 3251 1223 3335 juro
1231 3275 1241 3328 ;
1264 3273 1314 3316 me
1328 3273 1366 3315 22
1381 3249 1475 3314 1222122

317 3366 389 3436 172,
409 3363 441 3440 8)
461 3362 532 3433 112,
553 3363 603 3418 17.
627 3377 698 3420 men
720 3356 795 3420 22122
810 3359 882 3439 (232
902 3356 936 3418 id
958 3357 1078 3440 darem)
1098 3363 1169 3433 164,
1190 3364 1240 3418 14.
1263 3355 1320 3420 nin
1344 3355 1474 3420 12222112

314 3469 386 3548 (nos
401 3484 475 3526 eum
489 3461 752 3543 vituperabimus)
771 3469 821 3536 74,
842 3468 891 3523 11.
914 3460 970 3524 nin
982 3461 1294 3546 922912212221(222
1309 3481 1383 3524 2222
1396 3462 1474 3545 bap-

314 3568 495 3648 tizabimur)
515 3573 586 3644 too,
607 3573 657 3629 22.

399 3672 540 3736 Einfixs
550 3670 701 3734 armorica
712 3669 747 3734 in
759 3671 864 3734 Buh.:
879 3692 928 3735 me
937 3693 981 3756 92
993 3673 1031 3736 do
1041 3673 1152 3736 221121.
1170 3720 1176 3734 .
1191 3671 1235 3736 bo
1245 3673 1284 3736 de
1295 3670 1485 3756 disor'squoff
1593 3715 1594 3718 κ

317 3827 324 3842 .
345 3827 352 3842 .
373 3826 381 3841 .
399 3779 439 3842 do
460 3776 612 3860 eaterros
626 3777 665 3838 de
684 3773 825 3859 sebeh'of
833 3777 906 3858 (ego
922 3797 959 3840 eo
976 3777 1017 3840 ad
1030 3797 1104 3840 eum
1119 3777 1302 3853 videndum,
1319 3776 1476 3840 1221222222-

313 3885 403 3959 dum,
421 3881 650 3966 sepeliendum)
669 3887 719 3956 10,
740 3885 777 3942 18
794 3902 841 3963 sq.
864 3882 939 3945 21221
959 3883 998 3944 de
1017 3881 1256 3966 922121(2222112
1277 3883 1319 3946 ad
1338 3903 1408 3945 eam
1427 3881 1475 3944 vi·

313 3990 463 4070 dandam)
482 3991 559 4062 138,
581 3993 637 4063 16,
656 3985 683 4048 21
704 3983 824 4048 scilieet
843 3984 920 4048 12222
941 4009 1007 4050 222
1028 3986 1135 4069 potius
1155 3987 1317 4050 referenda
1337 3997 1414 4050 sunt
1434 3987 1477 4048 ad

313 4113 488 4178 pronomen
507 4089 719 4176 possessivum
740 4089 877 4152 infixum
898 4091 938 4154 ob
959 4091 1228 4154 constructionem
1243 4089 1478 4154 infinitivomm

314 4219 401 4261 more
422 4195 702 4260 substantivorum.
734 4193 844 4278 Hujus
866 4205 972 4259 tamen
993 4195 1124 4280 originis
1146 4206 1195 4260 est
1215 4197 1315 4260 forma
1329 4197 1478 4260 absoluta

314 4303 373 4366 he.-
390 4323 438 4366 me
453 4301 492 4364 12
505 4301 586 4364 miro
602 4301 745 4382 (servabo
759 4321 844 4376 eum,
861 4299 981 4382 locum)
997 4299 1082 4363 lluh.
1102 4307 1154 4378 32,
1173 4307 1203 4364 3.
1590 4295 1592 4322 ¹

401 4406 490 4470 Plur.
505 4407 622 4470 cambr.
637 4406 665 4466 E
679 4405 728 4466 221
744 4405 779 4480 S,
794 4415 832 4466 ut
845 4405 881 4468 in
895 4405 1059 4487 singulari,
1074 4427 1131 4489 pro
1145 4427 1334 4489 quoeunque
1344 4425 1477 4489 3222222.
