3232 5074
354 399 401 462 ll.
429 406 459 462 4.
506 421 606 464 raon.
626 419 860 465 snirnumcuu
878 419 1085 463 nnnsrrvuu.
1240 403 1301 464 397

137 569 264 654 euffrou
281 571 444 651 (renuntio
459 570 551 634 malis
567 569 730 654 spiritibus
745 581 901 634 eteorum
916 569 1077 652 operibus)
1094 575 1164 646 102,
1181 574 1232 632 22.
1249 575 1300 632 21.

137 678 202 740 dan
229 676 315 740 hedis
342 679 423 740 dour
444 698 478 738 eo
500 676 540 739 do
561 675 647 739 diuis
664 675 848 760 fournr'sset
867 673 995 756 (mundi
1016 675 1234 739 habitantibus
1256 689 1304 742 est

138 803 221 864 aqua
236 783 276 844 ad
291 803 400 845 eorum
415 781 606 845 desiderium
621 783 751 863 donata)
772 785 842 856 192,
864 788 892 842 1.
913 785 942 842 2.

437 1017 474 1080 C.
508 1017 739 1090 Pronomen
763 1013 999 1078 relativum.
1076 1063 1081 1072 .

223 1201 387 1266 Cambrice
398 1201 594 1285 pronominis
606 1201 730 1264 relativi
750 1200 927 1264 absoluti
949 1201 1017 1264 loco
1029 1213 1077 1264 est
1086 1189 1221 1266 ¹verbalis
1232 1225 1303 1286 par-

75 1383 82 1394 ·
138 1309 234 1371 tioula
249 1307 384 1392 positiva
399 1308 575 1372 sententiae
590 1307 740 1370 relativae
754 1307 801 1369 A:
827 1305 877 1368 bet
887 1327 989 1389 penca
1004 1306 1035 1368 ir
1046 1315 1133 1388 pant
1146 1331 1167 1369 a
1180 1307 1256 1370 auid
1268 1308 1303 1370 in

138 1413 236 1476 liman
253 1417 367 1494 (usque
388 1413 428 1474 ad
450 1433 484 1474 os
500 1413 656 1489 caritatis,
675 1411 816 1475 faucium
830 1433 911 1494 quae
926 1414 1046 1476 cadunt
1060 1412 1094 1475 in
1110 1414 1302 1494 Lemanum)

138 1518 210 1580 Lib.
228 1519 331 1582 Land.
351 1523 423 1578 231.
446 1517 575 1582 minoen
595 1517 746 1603 avynnaf
760 1537 801 1601 yr
820 1515 975 1601 ymda'dan
995 1519 1038 1580 da
1053 1518 1186 1582 cedewit
1199 1519 1301 1603 ymia·

136 1645 198 1685 aaa
221 1625 293 1706 (ego
318 1622 391 1686 volo
417 1622 631 1686 narrationem
657 1621 823 1705 pulchram
851 1643 932 1705 quae
958 1643 1106 1686 concessa
1131 1635 1180 1686 est
1201 1623 1299 1700 mihi;

137 1731 241 1810 nom.)
257 1728 345 1790 Mab.
367 1735 400 1803 1,
420 1732 450 1790 2.
472 1750 513 1813 pr·
531 1727 685 1812 ymdidan
706 1749 803 1811 porea
824 1750 844 1790 a
865 1750 986 1813 wypom
1010 1727 1128 1791 aianeu
1150 1727 1302 1808 (narratio

136 1833 257 1916 optima
279 1854 375 1915 quam
397 1832 514 1896 scimus
529 1837 601 1915 nos)
618 1833 705 1895 Mab.
728 1841 756 1908 1,
774 1838 803 1894 2.
821 1853 962 1918 mornayo
977 1833 1102 1917 deckcf
1109 1855 1130 1895 α
1145 1833 1264 1897 weleiat
1278 1834 1304 1896 ti

136 1938 258 2021 (puella
273 1937 498 2001 formosissima
512 1959 609 2021 quam
624 1937 731 2000 vidisti
747 1949 782 2000 tu
791 1963 800 2014 ;
819 1943 940 2022 accus.)
956 1946 984 2014 1,
1001 1946 1031 2000 4.
1057 1938 1174 2001 Confer
1187 1939 1227 2001 da
1242 1939 1302 2001 hac

136 2067 156 2108 a
170 2043 499 2136 particulasuverbales
515 2055 547 2106 et
562 2043 712 2126 syntaxin
727 2043 846 2106 ordinis
862 2043 1063 2108 cambrioam.
1253 2023 1258 2032 ⁵

221 2151 402 2212 Pronomen
422 2148 595 2212 relativum
619 2148 800 2212 infixum
827 2148 1006 2213 britannica
1028 2149 1139 2232 lingua
1161 2149 1297 2232 ignorat.

136 2257 176 2317 In
199 2255 498 2331 constructionibus,
523 2253 557 2315 in
579 2253 695 2336 quibus
717 2253 854 2316 infixum
875 2255 959 2318 inter
980 2253 1246 2338 praepositionem
1269 2267 1301 2318 et

135 2361 266 2424 verbum
281 2360 315 2422 in
330 2359 440 2424 multis
455 2359 586 2443 linguae
600 2359 780 2422 hibernicae
795 2360 909 2422 veteris
925 2359 1078 2442 exemplis
1093 2360 1223 2423 obvium
1238 2374 1297 2436 est,

134 2465 169 2528 in
184 2465 339 2528 cambrica
354 2465 389 2528 in
403 2465 509 2556 locum
524 2465 647 2528 relativi
662 2475 734 2548 post
749 2464 996 2540 substantivum,
1014 2466 1055 2527 ad
1069 2466 1154 2548 quod
1169 2467 1207 2527 fit
1221 2467 1299 2527 rela-

135 2571 190 2646 tio,
209 2570 361 2633 substitui
382 2570 462 2634 solet
483 2591 659 2653 pronomen
673 2569 969 2644 demonstrativum,
986 2569 1177 2652 praepositio
1192 2582 1299 2633 eutem

134 2697 208 2739 cum
228 2675 416 2758 pronomine
437 2676 595 2758 personali
617 2676 733 2738 suffixo
753 2675 843 2758 sequi
863 2675 898 2737 in
917 2676 982 2736 fine
1003 2674 1178 2737 sententiae
1194 2675 1299 2758 (cujus

134 2781 230 2842 verbo
249 2779 410 2861 praecedit
424 2779 580 2861 particula
595 2779 728 2843 verbalis
743 2780 879 2864 positiva
893 2779 1068 2862 absoluta):
1092 2779 1197 2864 dyllat
1210 2800 1298 2842 eure-

124 2905 233 2969 nyucs
248 2905 284 2945 er
298 2883 364 2946 hun
377 2893 533 2968 ypenytyo
548 2887 652 2949 endan
664 2885 773 2966 (vestis
788 2886 927 2968 reginae,
942 2885 976 2947 in
992 2907 1055 2968 qua
1069 2884 1299 2968 poenitentiam

134 2989 256 3070 fecerit)
273 2990 351 3071 Leg.
372 2995 400 3051 1.
420 2994 470 3051 21.
492 2997 521 3052 6.
547 2989 681 3053 eatcuell
700 2990 836 3074 abrenyn
859 3011 894 3052 er
908 2991 970 3055 aon
985 2991 1039 3054 ebo
1053 3013 1092 3054 ca
1107 2991 1201 3053 keacu
1215 2991 1298 3074 endy

135 3094 297 3176 (conclave
308 3095 402 3177 regis,
416 3094 451 3158 in
462 3116 526 3178 quo
537 3094 670 3170 dormit;
688 3093 785 3158 ditat
793 3117 905 3171 masc,
919 3097 1056 3181 yamfall
1066 3097 1158 3176 fem.)
1170 3096 1248 3178 Leg.
1267 3103 1295 3158 1.

138 3207 187 3261 11.
203 3206 239 3274 4;
258 3199 298 3261 ad
314 3200 462 3262 verbum:
481 3199 577 3262 vestis
592 3199 719 3282 reginae
734 3221 772 3262 ea
786 3199 924 3281 (hibern.
943 3211 1005 3264 vet.
1024 3201 1094 3278 inci,
1114 3201 1298 3284 111111101-

132 3304 303 3370 nitentiam
324 3304 434 3368 fecerit
453 3305 488 3368 in
510 3327 547 3367 ea
556 3330 564 3380 ;
589 3304 737 3367 conclave
753 3305 835 3388 regis
851 3305 895 3381 id,
913 3305 1009 3368 fuerit
1023 3306 1182 3369 dormiens
1197 3306 1232 3369 in
1247 3329 1294 3370 eo.

132 3410 317 3474 Relativum
339 3411 373 3474 in
395 3411 548 3494 genitivo,
566 3431 632 3472 non
647 3431 667 3472 a
681 3409 913 3494 praepositione
928 3412 983 3474 sed
998 3433 1017 3474 a
1031 3412 1230 3486 substantivo
1245 3413 1297 3474 de·

132 3518 286 3601 pendens,
304 3515 464 3580 indicatur
481 3537 622 3598 congruo
637 3516 730 3578 modo
746 3517 890 3579 addendo
905 3517 1080 3600 possessivo
1095 3519 1136 3579 ad
1151 3519 1298 3581 substan·

132 3622 251 3686 tivum:
271 3644 311 3686 ar
322 3644 428 3706 qwry
445 3622 535 3684 buoat
548 3620 705 3705 nutbwyr
718 3643 784 3706 yny
801 3630 833 3707 ty
850 3625 937 3703 (cum
951 3623 1029 3698 viro,
1048 3622 1083 3684 in
1098 3622 1189 3706 cujus
1204 3624 1297 3686 domo

130 3727 219 3792 nisti
240 3728 411 3810 praeterita
432 3737 543 3801 nocte;
569 3725 597 3788 si
611 3727 743 3789 verbum
757 3749 775 3788 e
790 3728 884 3790 verbo
899 3726 1102 3810 exprimitur:
1127 3749 1201 3790 cum
1216 3729 1294 3803 viro,

129 3833 218 3896 sitisti
233 3833 267 3896 in
283 3834 377 3896 domo
392 3831 474 3916 ejus)
491 3833 579 3894 Mab.
602 3839 629 3908 1,
649 3837 722 3894 217.

215 3937 350 4002 Cornice
376 3949 408 3999 et
434 3935 584 4000 armorica
611 3959 701 4020 pron.
726 3937 839 4019 adject.
858 3959 918 4018 nep
944 3936 1087 4018 (aliquis)
1111 3935 1236 3998 transiit
1262 3936 1297 3998 in

130 4043 395 4124 significationem
411 4041 545 4104 relativi.
578 4043 694 4105 Com:
719 4045 815 4105 Jesace
836 4043 893 4104 neh
915 4061 1000 4123 upon
1014 4061 1147 4120 panas,
1166 4041 1238 4102 mab
1253 4041 1297 4102 du

130 4147 188 4208 aab
209 4169 226 4207 o
248 4147 348 4232 lethye
364 4149 410 4229 (J.
429 4147 485 4230 qui
505 4167 563 4208 nos
583 4145 726 4221 redemit,
745 4146 831 4208 filius
852 4145 903 4208 dei
917 4144 973 4226 qui
987 4144 1109 4206 neonus
1125 4149 1186 4226 cst)
1203 4145 1293 4208 Pasa.

132 4257 212 4326 5,1.
233 4255 355 4327 2111,1.
388 4253 530 4314 Annon:
558 4271 607 4313 mc
629 4251 723 4335 uply
753 4253 810 4314 doe
829 4271 890 4332 nep
910 4269 963 4312 om
986 4269 1116 4312 croceae
1139 4249 1297 4332 (supplico

129 4358 226 4420 deum
248 4355 303 4438 qui
322 4377 374 4420 me
385 4356 523 4437 creavit)
541 4355 626 4418 Buh.
647 4361 719 4430 1116,
740 4362 789 4416 11.
824 4355 980 4418 Hodiern.
999 4353 1089 4416 relat.
1108 4375 1221 4418 armor.
1238 4377 1296 4437 pe-

129 4461 211 4538 lini,
223 4462 317 4544 per'vaa'
330 4461 455 4525 videtur
469 4474 576 4526 ortum
591 4483 608 4524 e
622 4483 683 4543 nep
699 4460 779 4524 hr'ar'.
