3184 5078
294 357 335 442 9⁵4
514 380 543 442 Ῑ.
572 385 600 440 l.
632 396 800 440 CONSONAE
816 395 1022 440 mummola
1036 395 1232 439 sermm.

285 547 426 635 froccyll
438 555 471 609 et
484 545 541 608 let.
549 544 733 630 flagellum,
755 543 874 628 prestat
888 544 1060 624 (noterium
1086 543 1142 608 lat.
1164 545 1249 608 med.
1270 543 1451 628 proserius,

293 653 369 738 gall.
386 651 461 714 hod.
484 649 649 733 qrefficr),
672 650 754 733 gres
762 649 865 731 (liber,
891 650 946 712 let.
971 650 1055 712 med.
1078 649 1204 733 profic,
1229 648 1397 732 scriptura)
1420 647 1457 712 in

293 758 363 820 cod.
378 755 533 820 Liehfeld.
551 764 583 816 et
604 753 684 816 libro
701 754 843 817 Landav.
869 755 942 835 (sub
958 755 984 816 F
998 754 1154 836 britann.)
1178 765 1210 816 et
1231 775 1279 836 gr.
1305 748 1455 840 γράφειν,

293 860 427 926 dubium
456 881 522 922 non
552 859 628 934 erit,
659 857 881 942 primigeniam
909 858 1079 942 aspiratam
1108 858 1289 934 labialem,·
1310 858 1455 940 quamvis

295 965 454 1030 transierit
475 963 510 1025 in
532 963 722 1045 quibusdam
744 963 873 1026 vocibus
895 963 930 1025 in
948 963 1104 1041 mediam,
1126 984 1154 1026 e.
1172 983 1220 1045 gr.
1238 962 1353 1038 inber,
1372 962 1455 1037 brat,
1584 1017 1585 1048 r

295 1071 361 1134 bria
377 1079 436 1132 etc.
456 1071 501 1152 (p.
521 1071 595 1150 44),
619 1067 773 1130 mansisse
788 1067 989 1130 intectamin
1004 1067 1085 1130 aliis.
1129 1069 1171 1131 In
1186 1063 1334 1130 omnibns
1350 1077 1458 1129 tamen
1584 1059 1585 1062 ¹

293 1174 434 1254 vocibus,
452 1173 487 1236 in
499 1173 613 1256 quibus
625 1173 770 1250 occurrit,
780 1174 814 1257 f
820 1173 976 1236 affirmare
991 1172 1194 1256 originariam
1208 1172 1346 1235 nimium
1361 1181 1455 1248 esset,

294 1301 368 1343 cum
383 1290 415 1342 et
430 1276 566 1362 supponi
581 1277 688 1360 possit·
697 1277 898 1361 transpositio
913 1298 953 1340 ex
968 1275 1038 1340 aliis
1053 1277 1198 1360 aspiratis
1212 1277 1263 1340 vel
1286 1287 1319 1340 et
1333 1277 1460 1341 diversa
1583 1297 1585 1364 χ

293 1385 393 1468 origo,
410 1395 448 1446 ut
462 1381 568 1446 inlat.
577 1382 611 1466 f
618 1391 650 1444 et
665 1382 744 1445 slav.
762 1382 811 1446 eh.
1584 1369 1585 1374 ¹

290 1559 296 1572 ,
380 1491 474 1553 Patet
492 1487 617 1550 edictis
632 1487 716 1550 inter
730 1485 873 1568 linguam
887 1485 1032 1549 celticam
1046 1496 1079 1549 ct
1092 1487 1242 1551 clavicam
1263 1481 1456 1550 concordin-
1583 1467 1585 1508 ³

294 1594 339 1658 tia
353 1615 400 1671 ea,
429 1593 514 1676 quod
528 1592 633 1669 unica,
656 1591 799 1674 quamvis
814 1591 948 1670 diverse,
973 1592 1007 1655 in
1022 1602 1156 1675 utraque
1171 1602 1294 1655 servata
1308 1603 1358 1654 est
1373 1591 1457 1674 aspi-

293 1709 372 1775 rato,
389 1697 474 1760 inter
484 1697 628 1760 celticam
639 1707 671 1758 et
682 1695 814 1758 latinam
825 1717 872 1772 ea,
891 1699 976 1778 quod
982 1697 1016 1781 f
1023 1697 1160 1760 valorem
1170 1697 1302 1760 unicum
1315 1697 1458 1760 obtinuit

293 1804 328 1866 in
342 1803 409 1878 illa,
432 1801 467 1864 in
482 1801 541 1864 hac
556 1821 631 1884 prae
646 1799 756 1863 ceteris
770 1800 957 1864 maximum.
990 1801 1081 1864 Haec
1101 1803 1141 1864 de
1161 1801 1305 1884 aspiratis
1326 1801 1457 1885 linguae

293 1906 422 1970 celticae
436 1903 635 1988 generaliter.-

379 2011 421 2074 In
443 2011 554 2093 lingua
575 2018 700 2072 vetusta
721 2009 898 2087 hibernica,
923 2013 962 2073 de
977 2033 1040 2094 qua
1053 2031 1141 2072 nunc
1156 2009 1333 2093 specialiter
1348 2009 1455 2072 dicen-

292 2117 370 2179 dum
377 2163 387 2192 ,
412 2114 564 2178 nennius
579 2113 706 2196 quidem
721 2114 876 2196 aspiratae
891 2115 1020 2178 celticae
1032 2115 1066 2199 f
1073 2115 1158 2178 idem
1172 2113 1277 2178 adhuc
1292 2124 1341 2176 est
1356 2114 1456 2176 ambi·

293 2231 356 2298 tus,
381 2220 437 2304 qui
451 2229 593 2282 servatur
608 2218 642 2280 in
656 2219 845 2282 britannica.
877 2221 964 2284 Nam
984 2219 1020 2281 in
1041 2219 1186 2302 pluribus
1201 2219 1456 2302 supradictarum

292 2346 406 2388 vocum
427 2323 647 2386 inchoantium
669 2325 709 2386 ab
722 2324 755 2407 f
769 2345 826 2406 pro
848 2345 886 2386 aa
907 2334 956 2386 est
977 2323 1137 2387 hibernica
1152 2345 1185 2386 a:
1211 2323 1276 2386 seit
1292 2322 1350 2405 (gl.
1369 2322 1455 2403 faba)

292 2430 349 2512 Sg.
374 2433 436 2492 73¹.
468 2431 542 2490 ardu
564 2428 622 2510 (gl.
646 2449 760 2504 nasus;
790 2429 906 2492 cambr.
923 2430 1038 2512 froca)
1062 2429 1117 2511 Sg.
1144 2425 1209 2490 95¹2
1242 2427 1354 2503 nott,
1378 2447 1453 2510 gen.

290 2533 410 2610 motha,
427 2531 533 2596 nocto
549 2533 679 2613 (cambr.
697 2543 760 2595 vet.
769 2534 859 2617 flat,
877 2533 1008 2610 flumen,
1026 2533 1127 2616 rivus)
1143 2534 1218 2598 Wb.
1235 2537 1297 2595 32⁸.
1313 2531 1370 2614 Sg.
1386 2527 1452 2592 35¹.

291 2637 411 2722 croycll
423 2638 481 2721 (gl.
499 2637 650 2719 flagrum;
675 2637 792 2699 eambr.
807 2637 949 2722 frowyll
960 2669 1003 2694 ιι-
1017 2637 1193 2721 flagellum)
1210 2637 1267 2720 Sg.
1285 2633 1352 2712 48¹²,
1377 2657 1452 2719 gen.

291 2743 405 2826 croqill
423 2743 499 2806 Wb.
527 2737 590 2802 17⁶.
630 2741 751 2804 Eodem
772 2743 866 2806 modo
888 2742 1011 2806 hibern.
1035 2741 1117 2824 geel.
1142 2744 1232 2805 creon
1255 2743 1312 2822 (a
1333 2742 1452 2804 cambr.

221 2913 224 2920 ,
282 2849 409 2933 smyn,
426 2847 483 2909 lat.
492 2846 655 2930 frenum).
688 2843 899 2930 Infantem
922 2835 1055 2910 namin
1075 2845 1236 2908 hibernico
1251 2845 1455 2928 originariam

289 2975 308 3016 c
323 2951 545 3035 incipientem,
562 2950 632 3033 jam
646 2949 863 3032 supradictum
877 2961 926 3014 est
941 2953 987 3033 (p.
1007 2954 1073 3032 65).
1105 2951 1147 3012 In
1161 2950 1266 3012 media
1280 2971 1356 3012 voce
1371 2949 1455 3032 aspi·

290 3067 392 3120 ratam
417 3067 644 3137 transgressam
668 3053 703 3117 in
728 3055 883 3132 medinm,
911 3066 949 3118 ut
975 3055 1061 3131 alibi,
1089 3055 1237 3138 proderet
1261 3055 1347 3116 verb.
1368 3053 1452 3136 gaal.

287 3161 428 3245 qrabhol
463 3159 664 3241 (sculpere),
708 3157 736 3221 si
772 3169 854 3224 esset
891 3159 1032 3242 ejusdem
1068 3157 1199 3241 originis
1237 3179 1311 3222 cum
1348 3158 1455 3221 allatis

290 3265 407 3328 cambr.
433 3262 527 3346 pref,
555 3261 683 3345 qrefiat.
723 3263 895 3330 Quaeritur
920 3263 1011 3354 inde,
1044 3273 1154 3326 utrum
1182 3261 1312 3326 omnino
1341 3262 1456 3344 lingua

290 3365 453 3428 hibernica
467 3375 571 3428 careat
584 3366 722 3449 aspirata
735 3368 768 3451 s
776 3367 946 3451 originaria
953 3415 963 3444 ,
991 3368 1085 3430 modo
1100 3369 1210 3432 eodem
1225 3377 1262 3430 ut
1276 3365 1456 3430 lithuaniea

290 3481 376 3532 caret
394 3469 532 3553 aspirata
551 3469 589 3534 ch
609 3470 741 3548 slavica,
766 3493 808 3534 an
823 3472 920 3536 etiam
933 3472 968 3534 in
983 3493 1020 3535 ea
1035 3471 1141 3534 adsint
1155 3472 1302 3555 exempla
1316 3471 1454 3554 origim·
1584 3461 1585 3536 i

289 3573 355 3636 riae
361 3574 412 3658 f?
440 3573 576 3637 Videtur
590 3575 813 3638 affirmandum
828 3575 899 3652 hoc,
922 3579 1032 3640 adesse
1047 3576 1192 3659 exempla
1207 3575 1381 3658 ejusmodi,
1400 3575 1455 3640 aed

290 3677 391 3744 multo
412 3677 577 3760 pauciora,
598 3679 667 3762 jam
681 3681 721 3742 ob
738 3689 969 3763 transgressum
983 3680 1018 3743 in
1032 3701 1059 3756 s,
1085 3701 1181 3763 quam
1202 3679 1238 3741 in
1259 3679 1452 3755 britannica,
1584 3761 1585 3768 ἵ

289 3782 324 3846 in
344 3803 407 3864 qua
427 3782 497 3864 ipsa
517 3803 583 3846 non
597 3805 733 3866 magnus
748 3795 797 3846 eet
810 3805 962 3847 numerus
977 3806 1087 3846 earnm
1101 3805 1215 3846 mcum
1230 3782 1455 3866 indigenarum
1584 3775 1585 3828 5

289 3887 329 3950 ob
349 3895 472 3969 partem
492 3885 579 3950 baud
598 3909 727 3969 parvam
745 3888 945 3971 peregrinum
961 3889 1014 3968 (cf.
1033 3890 1092 3952 sub
1107 3886 1254 3970 aspiratis
1268 3886 1371 3968 brit).
1402 3888 1455 3950 Do
1583 3865 1585 3892 ⁴

289 3991 434 4073 exempla
448 3992 620 4072 quaedem,
645 3991 810 4073 inquibus
824 3993 857 4076 f
865 3992 1035 4076 originaria
1055 4014 1121 4056 non
1144 3989 1294 4058 affirmari
1309 3990 1451 4073 quidem,

289 4097 329 4158 ob
349 4097 514 4158 obscuram
536 4104 642 4158 tamen
665 4095 820 4178 originem
835 4097 989 4180 smpicari
1003 4097 1126 4160 licebit:
1147 4095 1251 4180 suile
1266 4093 1451 4178 (gaudium
1584 4167 1585 4180 1

288 4199 329 4264 cf.
353 4219 453 4282 germ.
478 4198 575 4276 tritt,
601 4199 707 4276 relat,
734 4201 832 4277 mres,
856 4201 913 4264 m.
938 4201 1039 4274 noas
1060 4233 1105 4254 π.-
1119 4199 1282 4284 fleme)
1305 4200 1383 4262 wo.
1406 4197 1453 4280 rq.
1584 4183 1585 4194 '

279 4303 395 4388 fclinp
411 4301 575 4387 (pallium,
593 4303 719 4379 tunicm
744 4305 868 4368 hibern.
885 4306 966 4389 geel.
976 4304 1136 4390 fallainp,
1152 4303 1314 4388 falluc'nq,
1332 4304 1453 4370 cambr.

279 4407 408 4492 saline)
430 4408 516 4492 apud
537 4407 660 4472 Girald.
687 4409 813 4474 cambe.
845 4409 880 4477 in
907 4409 1114 4493 topographia
1135 4407 1312 4475 Hiberniae
1336 4414 1367 4484 3,
1396 4415 1453 4470 to:
