3184 5078
307 379 348 439 64
529 375 557 437 Ι.
587 381 614 438 1.
647 392 816 436 cousouhn
832 389 1039 434 urnunnrcin
1055 388 1248 432 seruiturus.

304 545 386 629 goel.
413 543 541 619 ιὀνααα,
566 542 702 616 ferrum;
731 540 794 624 adj.
812 539 961 622 ι’στααοΙι)
985 540 1112 602 Ineunt.
1131 537 1187 620 Sg.
1205 559 1245 599 ex
1260 539 1362 614 isam,
1387 541 1473 621 quod

305 649 428 713 obtinet
449 649 484 711 in
506 649 639 710 vetustis
662 646 803 709 dialectis
826 643 1025 729 germanicis.
1057 643 1127 706 siur
1150 643 1263 726 (soror)
1286 643 1321 704 in
1350 643 1470 706 demin.

305 755 433 818 oiurnat
447 753 504 836 (gl.
520 752 692 834 sororcula)
710 752 765 834 sg.
781 746 836 812 46¹³
850 772 867 812 e
882 749 968 814 οιόαν
984 749 1053 830 (lut.
1068 769 1158 812 soror
1168 770 1226 831 pro
1237 769 1336 824 rosor,
1352 770 1472 812 sunsor.

305 858 444 942 swasri).
467 858 553 942 piati
566 857 623 940 (gl.
643 857 746 938 obses)
764 856 820 939 Sg.
842 851 926 930 102⁶,
942 854 1011 938 pell
1024 854 1082 936 (gl.
1100 853 1232 937 pignus)
1248 853 1308 916 Ml.
1329 857 1382 914 27·
1398 875 1474 917 oon-

306 965 471 1028 ferendum
486 985 560 1026 oum
574 984 673 1044 germ.
692 974 755 1024 vet.
770 961 859 1045 ριέαλ
872 961 1003 1042 (obses).
1025 958 1122 1044 quide
1138 959 1196 1041 (gl.
1213 959 1347 1042 pilatus:
1372 959 1474 1042 opilo

305 1069 423 1152 pilatus
432 1094 441 1144 3
459 1069 482 1130 i.
501 1091 528 1130 e.
546 1069 622 1153 pilo,
641 1068 733 1130 bustu
746 1065 922 1149 praeditus)
939 1065 994 1147 Sg.
1017 1059 1118 1126 159³*
1133 1076 1182 1130 est
1196 1065 1306 1126 eadem
1321 1087 1383 1127 vox
1398 1087 1476 1128 curn

305 1185 430 1236 vetusto
450 1173 565 1255 gallico
585 1173 718 1236 Goeoati
740 1166 917 1253 (Γαισάτοι
933 1169 1080 1252 Polyb.),
1099 1169 1240 1233 derivata
1261 1169 1381 1234 seilicet
1400 1171 1474 1254 pai-

305 1280 354 1356 de,
369 1279 446 1362 pai·
456 1279 507 1342 tte
521 1299 539 1340 e
555 1279 655 1340 subst.
671 1277 730 1362 pai
742 1287 811 1342 orto
826 1299 843 1340 e
855 1277 939 1360 pais,
964 1275 1049 1359 quod
1064 1274 1187 1338 obtinet
1201 1273 1297 1338 etium
1311 1275 1346 1337 in
1360 1276 1477 1358 lingua
1582 1329 1583 1334 ,

304 1394 430 1448 vetusta
444 1383 640 1467 germanica,
665 1405 694 1446 e.
711 1405 759 1466 gr.
784 1381 819 1444 in
840 1380 1024 1445 nominibus
1039 1380 1232 1456 GaisoricuS,
1257 1379 1473 1462 Radagaisus.

305 1491 432 1552 Debent
453 1489 528 1552 addi
547 1487 639 1551 uum.
664 1490 698 1552 sb
719 1491 803 1572 (sex)
825 1510 882 1572 pro
904 1509 964 1564 ses,
994 1496 1027 1550 et
1053 1485 1289 1549 terminationes
1316 1487 1476 1568 quaedam
1582 1549 1583 1564 p

304 1594 567 1677 grammaticales,
596 1617 624 1656 e.
649 1616 697 1677 gr.
722 1593 928 1677 comparativi
942 1615 975 1670 τι,
994 1592 1029 1655 iu
1044 1591 1114 1673 (lut.
1133 1590 1196 1654 ·ι“οτ
1210 1612 1316 1654 cumr
1330 1612 1387 1673 pro
1402 1613 1418 1653 s
1434 1602 1476 1654 ut
1582 1607 1583 1630 ²

304 1700 339 1762 in
359 1702 478 1780 soror),
504 1699 660 1762 secundae
675 1719 827 1781 personae
842 1699 925 1781 sing.
942 1696 1116 1782 praesentis
1133 1719 1175 1772 -e,
1193 1695 1222 1758 -i
1242 1697 1345 1778 (dene,
1366 1695 1472 1779 quite,

305 1804 360 1868 lut.
380 1826 441 1880 -as,
460 1825 517 1880 -es,
536 1803 603 1886 ab),
629 1803 735 1866 forsan
757 1813 789 1866 et
809 1802 951 1886 ejusdem
965 1823 1118 1887 personae
1132 1801 1266 1884 sing.·et
1280 1802 1363 1884 plur.
1380 1823 1475 1885 pruo-
1581 1857 1583 1890 ρ

305 1909 403 1972 sentis
430 1908 607 1972 secundarii
633 1909 713 1985 -ίλο,
744 1907 819 1985 -the,
844 1929 903 1970 nec
924 1930 991 1971 non
1012 1907 1213 1990 quorundum
1238 1928 1370 1970 casuum
1395 1908 1473 1970 sub-

305 2015 525 2078 stantivorum.
1459 2025 1462 2032 '

305 2173 514 2181 --—.-.--.-n.·---

373 2253 386 2278 ·
398 2251 458 2303 Vox
471 2258 499 2303 et
510 2249 538 2303 in
550 2250 604 2303 aiio
616 2250 675 2303 loeo
685 2252 765 2305 obvie
773 2252 802 2305 in
813 2253 871 2322 sgr
885 2252 1010 2305 satiatae
1024 2270 1052 2305 .1.
1064 2252 1142 2323 quide
1156 2253 1204 2322 (gl.
1216 2249 1332 2310 Quiritis
1344 2265 1393 2320 pro
1401 2249 1474 2308 Qui·
1582 2291 1583 2322 .

304 2335 350 2400 ris,
371 2335 501 2400 Sabinum
521 2343 583 2405 post
595 2334 693 2388 formos
706 2335 834 2403 Tiburtis,
854 2337 996 2391 Laurentis
1008 2337 1028 2390 i.
1042 2355 1066 2390 e.
1080 2335 1271 2406 Laurentium)
1286 2335 1342 2386 57¹².
1361 2331 1474 2386 Glosso-
1582 2383 1583 2400 p

303 2427 347 2472 tor
358 2438 407 2492 pro
419 2419 620 2490 interpretando
637 2419 747 2472 nomine
760 2421 874 2478 Quiritis
893 2421 923 2474 iu
940 2428 1030 2474 mente
1049 2421 1174 2476 habuerit
1191 2437 1285 2473 rocem
1302 2417 1474 2472 hibernicam

303 2511 487 2568 assonantem3
514 2510 556 2556 est
572 2503 644 2556 euim
662 2511 689 2556 et
705 2505 787 2557 hodie
805 2505 874 2574 goel.
896 2506 958 2570 coir,
978 2507 1064 2558 husto.
1097 2506 1180 2576 Apud
1193 2505 1334 2558 O’Donov.
1353 2522 1379 2574 p.
1401 2506 1471 2558 liei:

302 2589 446 2656 orantique
458 2606 503 2640 oen
516 2588 576 2640 iarn
581 2588 646 2656 fair
659 2589 774 2659 (lignum
786 2589 878 2642 hastae
891 2591 909 2642 i.
920 2609 943 2643 e.
955 2590 1052 2643 hastile
1065 2589 1123 2643 sine
1136 2589 1206 2642 ferro
1218 2589 1246 2641 in
1260 2589 1313 2658 eo),
1326 2597 1353 2641 et
1364 2607 1391 2659 p.
1400 2591 1471 2643 3192

302 2671 331 2724 in
341 2671 443 2740 poiseo
458 2672 571 2741 (hastam
585 2673 664 2744 hune)
680 2691 694 2726 e
706 2673 819 2726 vetustis
831 2673 916 2727 libris.
936 2675 963 2726 N
964 2691 999 2727 on
1011 2675 1080 2728 bene
1091 2691 1156 2743 ergo
1168 2673 1297 2743 Polybius
1311 2675 1335 2737 2,
1347 2675 1394 2726 2‘2:
1409 2673 1473 2726 διε-

303 2761 448 2828 πέμποντο
463 2757 562 2828 (Boioi)
578 2755 648 2832 πρὸς
660 2755 722 2818 τοὺς
733 2755 803 2812 κατὰ
817 2755 865 2818 τὰς
879 2753 987 2820 Ἄλπεις
998 2763 1044 2814 καλ
1057 2756 1105 2814 τὸν
1119 2756 1249 2812 Ῥοδανὸν
1262 2754 1389 2828 ποταμὸν
1401 2777 1472 2810 κατ-

302 2847 445 2904 οικοῦντας
456 2839 581 2902 Γαλάτας
594 2847 879 2916 προςαγορενομένονς
898 2844 928 2897 δὲ
950 2845 968 2896 δ
974 2841 1008 2897 ιὰ
1028 2849 1087 2898 τοῦ
1104 2865 1141 2916 με
1151 2847 1238 2897 root
1256 2839 1472 2912 στρατεύειν

302 2922 517 2988 Γαισᾶτους·
546 2923 855 3000 ἡγὰρλέξιςαδτη
875 2933 977 2982 τοῦτο
997 2934 1325 3001 σημαίνεικσρίως.
1361 2931 1470 2981 Amer-

302 3012 367 3064 cede
384 3013 455 3064 enim
474 3015 581 3085 proprie
599 3013 707 3067 Geesuti
727 3014 837 3066 omnino
854 3031 909 3066 non
929 3013 1104 3066 denominati.
1142 3013 1245 3066 Eodem
1268 3029 1320 3066 vox
1338 3013 1419 3066 etiam
1439 3013 1470 3066 in

301 3097 455 3150 nominibus
474 3097 593 3151 virorum
613 3098 733 3168 gulutiois
750 3098 779 3150 in
798 3099 865 3152 Asia
882 3099 1000 3152 minore:
1026 3098 1256 3160 Γαιζατοδίαστος
1275 3098 1401 3168 Inscript.
1421 3115 1469 3169 ep.

301 3181 403 3234 Mutat.
418 3185 442 3246 2,
457 3187 517 3235 613.
543 3186 592 3235 τοῦ
604 3179 776 3254 Γαιζοτόριος
793 3199 836 3254 ορ.
857 3184 952 3253 Polyb.
973 3187 1015 3247 25,
1034 3187 1060 3248 t,
1080 3183 1152 3252 quod
1172 3183 1282 3253 quidem
1298 3183 1398 3236 rectius
1416 3183 1471 3236 erit

300 3263 502 3336 Γαιζατόριγος,
522 3284 584 3337 gen.
598 3284 614 3320 a
626 3265 795 3340 Γαιζατόριξ,
816 3286 915 3322 nomen
928 3267 1082 3338 significuus
1089 3267 1215 3336 piletum,
1237 3274 1372 3322 annulum
1385 3267 1469 3322 domi-

300 3369 374 3403 num.
400 3351 456 3404 Nec
477 3351 536 3404 eliis
555 3352 657 3421 graecis
675 3352 941 3423 interpretationibus
961 3352 1040 3423 plone
1060 3351 1125 3404 fides
1138 3359 1179 3405 est
1191 3352 1324 3418 habendo,
1346 3369 1371 3406 e.
1385 3371 1426 3422 gr.
1442 3353 1469 3406 ei

301 3451 369 3504 quae
382 3443 502 3486 servatur
515 3453 529 3487 e
542 3429 714 3506 Clitophonte
726 3437 798 3508 opud
811 3437 985 3490 Plutarchum
1000 3437 1053 3508 (ed.
1068 3437 1168 3489 Reiske
1184 3441 1223 3501 10,
1239 3439 1298 3488 732.
1314 3437 1390 3506 733):
1410 3430 1469 3488 παῖ

301 3525 425 3589 ρακεῖται
438 3515 513 3586 αὐτῷ
527 3514 630 3590 (Ἄραρι
642 3521 771 3592 ποταμῷ)
786 3517 919 3590 ὅρος,’Λο
929 3516 1000 3591 δγδ
997 3542 1011 3573 ο
1021 3539 1101 3580 τινος
1111 3517 1287 3592 καλούμενον,
1299 3519 1470 3592 μετωνομά-

301 3601 714 3672 σδηδέδιάδτίαντοιαύτρν.
746 3602 1261 3680 Μώμοροςκαλᾍτεπόμαρος,
1282 3603 1471 3674 ὑπὸΣεοη-
1582 3635 1583 3644 ¹

300 3692 433 3759 ρονέως
450 3692 498 3754 τῆς
509 3687 595 3764 ἀρχῆς
608 3691 790 3759 ἐκβληθέντες,
806 3695 844 3752 εἰς
857 3696 954 3746 τοῦτον
965 3689 1036 3744 κατὰ
1049 3687 1212 3761 προσταγὴν
1224 3687 1272 3744 τὸν
1283 3687 1371 3762 λόφον
1384 3689 1470 3744 πόλιν
1582 3719 1583 3724 =

299 3779 393 3827 κτίσαι
411 3777 551 3836 θέλοντες·
575 3781 630 3828 τῶν
642 3777 672 3830 δὲ
684 3780 824 3848 θεμελίων
835 3773 1031 3846 ὀρυσσομένων
1043 3777 1195 3844 αἰφνιδίως
1204 3773 1353 3848 κόρακες
1365 3776 1470 3845 tnequ—
1582 3779 1583 3838 J

297 3865 389 3916 νέντει
400 3865 446 3913 καλ
456 3857 708 3932 ’διαστερυξάμενοι
718 3859 751 3914 τὰ
764 3865 843 3934 πέριξ
852 3859 1018 3932 ἐπλήρωσαν
1031 3857 1063 3914 τὰ
1074 3862 1184 3934 δένδρα.
1205 3859 1349 3931 Μώμορος
1361 3856 1391 3912 δ’
1404 3863 1470 3913 ολω-

298 3952 449 4001 νοσκοπίατ
461 3949 593 4018 ἔμπειρος
605 3941 738 4016 ὑπάρχων
750 3944 799 4014 τὴν
812 3943 952 4001 πόλινΛο
962 3943 1137 4016 ν’γδουνον
1150 3945 1378 4018 προςηγόρευσεν.
1392 3949 1469 3998 λοῦ·
1581 3961 1583 4004 J

297 4047 360 4102 γον
381 4028 445 4104 γὰρ
471 4034 509 4105 τῇ
534 4035 634 4101 σφῶν
658 4031 831 4098 διαλέκτῳ
856 4028 1070 4105 τὸνκόρακα
1088 4035 1251 4085 καλοῦσι·
1279 4031 1470 4084 δοῠνονδὲ

298 4113 356 4170 τὸν
374 4116 408 4177 ἐξ
415 4120 556 4186 έχοντα·
575 4113 669 4176 καθὼς
682 4118 788 4188 ἱστορεῖ
797 4120 961 4188 Κλειτοφῶν
973 4116 1002 4170 ἰν
1015 4113 1051 4184 ιγ’
1063 4121 1200 4170 Κτίσεων,
1220 4116 1320 4168 Locum
1334 4115 1469 4168 mulsimus

297 4201 368 4253 enim
381 4201 487 4272 proprie
500 4201 697 4272 signification
711 4201 804 4255 celtico
816 4199 870 4252 don
884 4201 921 4272 (p.
936 4206 978 4254 29.
993 4202 1048 4271 30),
1063 4219 1117 4254 non
1137 4201 1291 4254 eminentem
1311 4201 1396 4252 locum
1417 4199 1468 4270 (le-

296 4285 377 4354 gend.
393 4283 481 4339 τόπον
492 4287 620 4355 ἐξέχοντα
629 4285 653 4356 ί)
675 4286 718 4340 vol
729 4291 860 4344 montem:
878 4293 995 4357 suntque
1014 4285 1096 4339 etium
1113 4285 1212 4357 oppidu
1224 4285 1356 4354 quaedam
1369 4285 1466 4339 eadem

296 4387 361 4422 voce
374 4369 546 4424 denominata
558 4387 613 4424 non
625 4370 653 4423 in
666 4378 758 4424 monte
769 4371 818 4424 sed
829 4370 858 4424 in
870 4371 983 4441 planitie
994 4371 1055 4436 situ,
1068 4388 1091 4424 e.
1106 4387 1147 4440 gr.
1161 4371 1353 4441 Lupodunum,
1365 4369 1466 4424 Camu-

295 4452 426 4506 lodunum
438 4463 489 4508 otc.
