3204 5084
277 415 411 471 XXXVI
790 428 986 472 rainerum.

185 597 199 610 ·
279 605 363 652 rum
377 579 582 654 scholamm
600 581 659 656 vel
676 582 992 655 monasteriorum.
1022 581 1071 653 Et
1089 581 1119 651 si
1133 580 1216 672 quis
1229 579 1320 652 velit
1336 581 1448 652 etiam

281 698 472 782 affirmare,
495 702 543 770 ad
556 723 667 794 supra
681 701 822 774 dictum
835 710 980 794 tempus
997 700 1181 794 pertinere
1199 698 1350 790 quidem
1370 709 1450 770 tex-

281 827 361 888 tum
386 817 520 890 codicis
551 827 589 890 et
606 819 742 914 glossas
767 819 987 916 marginales
1011 841 1072 888 eas
1096 817 1188 909 quas
1213 843 1297 889 cum
1324 819 1449 889 codice

280 936 359 1028 ipso
377 946 472 1008 ortas
491 961 567 1009 esse
585 938 747 1010 dubitari
765 962 839 1009 non
855 945 988 1032 potest.
1011 936 1212 1030 glossarum
1231 945 1354 1007 autem
1373 960 1450 1006 mo

279 1053 353 1126 lem
384 1056 565 1150 adjectam
595 1079 672 1128 esse
703 1055 1008 1151 aglossatoribus
1037 1057 1239 1126 recentiore
1270 1063 1445 1147 tempore,

280 1172 451 1265 equidem
476 1174 580 1245 nullo
611 1177 719 1246 modo
752 1153 967 1256 concedam,
1007 1161 1175 1267 linguam
1210 1197 1290 1243 eam
1316 1169 1450 1243 codicis

279 1291 342 1386 Sg.
372 1292 543 1363 seriorem
561 1315 638 1363 esse
656 1293 798 1364 decimo
822 1293 981 1364 saeculo.
1015 1292 1108 1362 Inde
1128 1317 1150 1362 a
1167 1291 1312 1362 saeculo
1333 1293 1450 1362 unde-

278 1410 373 1480 cimo
392 1409 490 1481 enim
508 1409 639 1504 incipit
655 1410 806 1506 linguae
829 1411 1008 1482 recentior
1024 1408 1212 1490 formatio,
1244 1411 1348 1504 cujus
1366 1407 1451 1479 nul-

278 1529 356 1600 lum
370 1528 566 1623 vestigium
584 1529 772 1600 invenitur
789 1529 828 1599 in
837 1529 915 1622 sg..
938 1537 976 1599 et
989 1551 1084 1618 quae
1096 1528 1327 1622 cognoscitur
1343 1551 1449 1620 prae-

278 1646 403 1718 sertim
421 1647 461 1716 in
480 1648 648 1720 tenuium
667 1646 921 1728 destitutione,
950 1645 991 1716 in
1017 1647 1198 1717 vocalium
1216 1649 1447 1738 quarundam

278 1768 490 1862 praesertim
508 1766 822 1859 diphthongorum
840 1763 1055 1847 mutatione,
1078 1763 1231 1858 jamque
1246 1764 1448 1836 flexionum

278 1887 336 1959 vel
355 1885 655 1958 terminationum
674 1881 940 1968 destructione;
969 1906 992 1951 a
1015 1905 1089 1972 qua
1112 1881 1330 1954 formatione
1355 1882 1448 1952 inci-

276 2005 333 2099 pit
350 2003 472 2076 media
497 2013 596 2074 aetas
613 2001 763 2096 linguae
781 2000 992 2072 hibernicae
1017 2023 1134 2090 usque
1152 2001 1199 2072 ad
1217 2001 1447 2073 constitutio-

277 2146 362 2194 nem
381 2121 579 2194 hodiernae
596 2119 760 2214 linguae.
807 2118 933 2214 Hujus
951 2119 1080 2190 aetatis
1104 2127 1191 2190 sunt
1207 2117 1330 2212 plures
1348 2119 1447 2190 codi-

278 2265 336 2311 ces
354 2240 527 2312 asservati
549 2239 590 2310 in
614 2238 799 2310 Hibernia
823 2237 883 2309 vel
905 2236 1016 2309 etiam
1040 2237 1080 2308 in
1100 2237 1293 2308 Britannia
1316 2239 1446 2309 autad

276 2360 374 2429 idem
393 2359 514 2452 ipsum
533 2367 677 2450 tempus
693 2354 919 2450 pertinentes
937 2365 976 2426 et
992 2357 1156 2450 ejusdem
1172 2365 1232 2426 res
1246 2363 1284 2427 et
1301 2355 1447 2427 relatio-

277 2501 341 2548 nes
355 2477 585 2549 continentes
595 2483 660 2546 aut
673 2475 816 2545 etiams
831 2473 1091 2546 vetustioribus
1104 2471 1342 2566 transscripti.
1373 2473 1451 2544 Sed·

276 2597 441 2666 nondum
460 2595 555 2690 typis
574 2595 748 2687 impressa
765 2599 852 2662 sunt
864 2592 976 2664 etiam
993 2591 1109 2684 pluris
1127 2593 1308 2674 habenda,
1331 2614 1365 2661 e.
1386 2615 1441 2686 gr.

276 2737 323 2784 ne
341 2712 507 2785 Cormaci
534 2713 683 2805 quidem
704 2710 919 2806 glossarium
944 2709 1152 2781 vetustioris
1177 2710 1349 2804 originis,
1379 2733 1446 2780 ex-

249 2887 251 2894 ,
277 2831 392 2924 ceptis
410 2832 455 2903 iis
472 2832 679 2926 particulis,
702 2853 798 2922 quae
816 2830 914 2923 apud
933 2827 1156 2900 O'Reillium
1173 2837 1211 2899 et
1228 2829 1446 2898 O’Donova-

277 2973 366 3021 num
390 2937 578 3044 leguntur.
627 2951 723 3020 Sunt
751 2947 915 3043 ejusdem
942 2944 1170 3017 formationis
1203 2945 1315 3017 etiam
1337 2945 1447 3017 obvia

276 3070 376 3160 apud
399 3069 690 3139 O’Donovanum
725 3075 900 3159 excerpta
927 3089 948 3136 e
978 3046 1103 3136 codice
1130 3065 1228 3134 dicto
1256 3063 1447 3136 “Leobhar

278 3185 428 3266 Breac'',
458 3194 502 3257 ut
522 3185 588 3256 illa
610 3193 830 3257 vetustatem
849 3185 969 3254 adhuc
992 3181 1207 3262 redolentia,
1242 3183 1305 3252 sed
1323 3205 1447 3252 corru-

277 3301 441 3394 ptionem
465 3302 640 3394 pristinae
666 3299 907 3394 ingenuitatis
926 3302 1080 3397 jamjam
1106 3301 1218 3374 etiam
1235 3299 1442 3394 prodentia.

276 3419 498 3490 Vetustioris
524 3419 653 3490 aetatis
671 3418 821 3512 linguae
839 3419 961 3490 vicina
978 3429 1033 3492 est
1046 3421 1157 3492 etiam
1173 3419 1303 3512 lingua
1319 3441 1446 3488 narra-

278 3537 386 3608 tionis
410 3537 622 3608 hibernicae
646 3537 766 3610 editae
791 3537 859 3608 sub
884 3537 992 3610 titulo
1021 3539 1173 3611 Deirdri
1200 3539 1246 3608 ab
1265 3535 1446 3640 O’Flana-

276 3679 372 3749 gano
392 3655 440 3748 (p.
464 3657 551 3737 937,
574 3664 651 3726 not.
683 3657 725 3750 1).
773 3655 941 3750 Vestigia
963 3655 1083 3750 prima
1099 3655 1211 3750 hujus
1233 3653 1446 3726 recentioris

275 3773 404 3844 aetatis
422 3775 581 3845 offemnt
608 3774 749 3845 codices
767 3775 904 3846 saeculi
921 3774 1108 3848 undecimi
1126 3771 1306 3852 exeuntis,
1329 3795 1363 3842 e.
1385 3795 1440 3866 gr.

274 3893 389 3962 codex
415 3893 575 3964 Mariani
606 3893 705 3964 Scoti
731 3893 1020 3987 chronographi,
1061 3893 1126 3984 qui
1153 3916 1219 3986 pro
1245 3893 1444 3966 vetustiore

274 4033 334 4080 cen
352 4009 494 4082 chrettm
507 4013 585 4106 jam
609 4011 843 4104 scriptionem
862 4035 932 4108 pen
957 4012 1112 4084 chredem
1136 4012 1313 4093 ostendit,
1348 4035 1446 4102 quae

273 4127 382 4197 hodie
401 4138 548 4224 estpars
566 4131 778 4210 chrcideorir,
809 4128 886 4223 jam
912 4153 1055 4224 semper
1072 4137 1123 4213 rt,
1152 4133 1187 4202 ri
1204 4153 1270 4223 pro
1294 4136 1368 4224 rr'p,
1402 4139 1446 4200 ut

273 4253 309 4314 rt
334 4247 434 4341 lupen
468 4247 545 4342 (rex
578 4248 856 4343 lrageniorum),
890 4251 924 4318 ri
955 4249 1043 4320 ulad
1074 4249 1151 4342 (rex
1175 4247 1440 4340 Ultoniorum)‚

270 4365 305 4431 ri
332 4364 424 4434 arod
447 4364 523 4458 (rex
550 4365 780 4460 Dalaradiae)
813 4365 935 4436 Perta.
966 4367 1000 4447 7,
1033 4365 1121 4436 481.
1153 4367 1238 4439 559.
1271 4373 1309 4436 et
1329 4364 1447 4436 sinec

269 4479 371 4550 finali
390 4483 606 4563 clausenair,
639 4478 814 4554 clrisenoir
839 4481 900 4577 (cf.
922 4486 1054 4565 aotire,
1088 4485 1244 4564 eclaire,
1275 4508 1313 4576 p.
1338 4483 1439 4577 743),
