3204 5084
614 441 811 486 rnsnrurro.
1197 427 1304 484 XLIII

135 601 320 666 servantes
337 593 487 689 linguae
504 591 759 668 formationem
776 594 935 666 mediam
953 593 1049 666 inter
1066 600 1248 666 votrrstam
1266 602 1305 668 et

135 711 352 785 hodiernam
368 711 668 808 facileprincepa
692 713 797 808 cujus
808 721 907 785 certa
918 713 1047 809 regula
1058 712 1099 784 in
1111 713 1181 784 hoc
1194 735 1303 806 opere

20 859 21 912 I
134 828 303 922 plurimis
327 831 504 926 exemplis
532 832 610 926 (cub
635 839 723 904 nota
745 832 865 927 Mab.)
896 831 1040 904 munita
1062 838 1129 902 est.
1177 830 1303 904 Codex

134 947 278 1020 saenrlo
305 959 436 1040 quarto
468 951 609 1023 decimo
633 949 867 1046 adjudicatur
899 975 921 1020 a
945 951 1109 1020 Turnero
1136 947 1298 1044 (Vindio.

133 1091 169 1158 p.
191 1068 252 1163 25)
272 1067 369 1140 etin
387 1069 548 1140 editione
565 1069 645 1163 ipsa
658 1069 842 1162 (Procem.
863 1093 903 1162 p.
924 1068 1074 1162 XVII).

230 1235 457 1333 Praecipuus
481 1237 592 1333 hujus
619 1238 754 1310 codicis
779 1237 869 1309 dicti
895 1237 998 1308 rubri
1015 1237 1240 1308 narrationes
1257 1238 1304 1309 de

134 1353 288 1426 Arthuri
307 1356 462 1452 ejusque
480 1355 680 1428 satellitum
705 1355 854 1451 (Artior
879 1357 932 1428 a'r
945 1351 1039 1452 sord
1057 1377 1166 1451 pron,
1195 1355 1244 1426 A.
1267 1363 1305 1426 et

134 1472 279 1546 tabulae
310 1476 512 1558 rotundae,
544 1475 647 1546 Mab.
680 1475 714 1558 3,
753 1473 838 1570 322)
870 1475 979 1545 rebus
1007 1471 1119 1568 gestis
1144 1473 1304 1545 Domina

138 1589 432 1674 GuestCambra
450 1589 589 1664 femina
602 1592 811 1664 doctissima
824 1600 862 1663 et
878 1591 1067 1664 literarum
1084 1591 1196 1688 hujus
1214 1615 1304 1687 gen-

134 1707 177 1780 tis
201 1719 238 1782 et
254 1711 372 1807 hujus
390 1712 520 1782 aetatis
537 1711 704 1806 inprimis
722 1734 847 1806 gnara,
871 1709 987 1782 edidit
1004 1709 1043 1780 in
1062 1711 1179 1783 tribus
1197 1711 1304 1783 tomis

133 1825 182 1898 ita
204 1829 411 1924 inscriptis:
449 1831 467 1852 “
477 1831 557 1901 The
575 1827 875 1923 Mabinogion
898 1827 992 1900 from
1010 1828 1073 1900 the
1092 1827 1196 1924 Llyfr
1214 1831 1303 1902 coch

134 1945 341 2044 oHergest,
366 1947 439 2019 and
456 1947 561 2019 other
579 1946 725 2018 ancient
740 1947 852 2018 welch
869 1947 1124 2041 manuscripts,
1149 1947 1238 2020 with
1256 1972 1303 2018 an

133 2066 274 2160 english
287 2066 505 2137 translation
524 2067 597 2138 and
610 2073 726 2137 notes.
756 2065 812 2160 By
823 2065 928 2160 Lady
942 2065 1299 2157 CharlotteGuest.

134 2185 286 2256 London
310 2186 442 2257 1849?

232 2337 431 2410 Codices
449 2335 642 2408 cornici.
676 2337 709 2408 1.
726 2335 902 2407 Cornicae
920 2335 1077 2408 dialecto
1095 2338 1304 2410 adscriben—

134 2455 218 2526 dum
236 2464 522 2528 monumentum
539 2455 730 2538 vetustius,
755 2455 854 2546 quod
871 2463 1002 2540 exstat,
1022 2465 1077 2527 est
1094 2456 1304 2528 Vocabulo-

134 2575 224 2646 rium
248 2576 289 2647 in
310 2575 436 2646 codice
460 2574 737 2644 membranaceo
757 2572 930 2644 Londinii
954 2581 1095 2646 servato
1113 2573 1153 2644 in
1171 2575 1303 2646 Museo
1428 2671 1430 2675 ι

133 2692 341 2764 britannico
364 2675 609 2762 bibliothecae
633 2689 888 2776 Cottonianae,
916 2692 983 2783 qui
1002 2693 1230 2788 significatus
1249 2699 1304 2762 est

135 2819 216 2881 nota
233 2812 355 2904 Vesp.
375 2813 425 2892 A,
453 2811 511 2880 14.

229 2963 321 3036 Hoc
338 2960 612 3034 vocabularium
630 2987 706 3034 esse
721 2963 895 3034 haustum
913 2985 934 3034 e
952 2962 1076 3034 codice
1090 2959 1298 3039 vetustiore,
1418 2983 1421 2990 ·

134 3080 233 3176 cujus
251 3091 380 3153 tamen
396 3077 531 3152 formas
549 3080 701 3174 scriptor
718 3083 898 3154 recentior
920 3079 1138 3154 recentiores
1162 3080 1202 3150 in
1226 3103 1304 3150 ma-

131 3197 199 3292 jori
222 3209 331 3294 parte
354 3197 500 3280 lecerit,
534 3195 642 3271 facile
668 3201 903 3282 crediderim,
941 3209 1017 3272 tam
1040 3202 1087 3272 ob
1115 3199 1212 3272 locos
1240 3198 1302 3270 hic

133 3316 206 3388 illic
237 3341 374 3390 vacuos
399 3317 545 3389 relictos
578 3344 600 3389 a
624 3321 925 3397 transscribente.
963 3319 1028 3411 qui
1063 3343 1137 3390 non
1171 3319 1304 3413 legerit

133 3445 295 3520 vetusta,
324 3459 438 3529 quam
461 3436 574 3508 etiam
597 3440 644 3508 ob
668 3437 801 3512 formas
828 3463 959 3512 vocum
985 3439 1216 3530 quarundam
1243 3459 1302 3506 ve-

135 3563 245 3628 tustas
270 3579 348 3626 non
376 3563 504 3634 tactas.
560 3555 632 3627 Sed
656 3581 725 3628 nec
749 3555 948 3630 formarum
972 3553 1303 3652 grammaticalium

134 3674 245 3768 major
264 3697 351 3768 pars
375 3697 445 3746 nec
462 3674 578 3746 codex
605 3673 684 3768 ipse
709 3675 808 3747 ultra
834 3675 1021 3748 saecumm
1044 3674 1303 3746 duodecimum

134 3792 310 3864 removeri
333 3799 466 3886 potest.
514 3793 585 3863 Est
605 3791 756 3866 fortasse
778 3795 959 3866 recentior
980 3795 1117 3874 codex,
1148 3815 1233 3863 oum
1263 3791 1303 3861 in

136 3931 175 3979 eo
193 3910 241 3981 sit
267 3933 386 3983 sermo
401 3912 447 3982 de
471 3911 694 3984 Normannis
719 3911 859 4006 Anglia
886 3913 1012 4006 potitis
1036 3912 1093 3983 his
1121 3911 1241 3982 verbis
1263 3908 1303 3980 in

135 4048 170 4118 p.
201 4029 243 4098 17
247 4028 280 4099 b:
325 4031 424 4101 “tres
452 4028 611 4124 legitimi
640 4029 776 4102 milites
804 4032 1092 4126 normannigene
1123 4027 1303 4100 diffamati

136 4155 216 4217 sunt
232 4147 389 4220 nimium
408 4148 559 4222 insidias
576 4145 904 4221 fecisseWillclmo
920 4150 1072 4240 antiquo
1085 4148 1163 4242 regi
1178 4145 1301 4240 anglie

137 4272 213 4353 post
231 4265 426 4338 uictoriam
451 4267 616 4339 habitam
642 4267 682 4338 in
706 4267 834 4362 anglos
857 4267 896 4338 in
921 4269 1040 4361 primo
1065 4264 1301 4336 certamine.’'

137 4378 218 4454 nm
234 4385 397 4458 cwenus
423 4384 566 4480 (inlex.
588 4387 647 4458 ea.
673 4369 768 4458 1803
788 4383 903 4480 pras.
926 4385 1092 4480 p.V111,
1127 4383 1193 4455 uu
1210 4383 1304 4455 uter

139 4501 321 4576 continens
346 4503 621 4576 vocabularium
645 4505 780 4576 dicitur
805 4505 899 4578 liber
918 4502 1187 4584 Landavensis‚
1221 4511 1305 4574 uta
