3204 5084
623 427 820 474 ruarmo.
1266 391 1311 472 Ill

142 579 213 674 ipsi
227 603 333 652 suam
346 577 515 676 linguam
528 579 727 674 appellant,
745 580 868 653 media
881 581 1060 678 excussa),
1073 603 1168 674 quae
1182 605 1313 676 quam-

143 697 198 770 vis
215 705 300 770 tuta
315 697 357 770 in
375 697 459 769 altis
471 697 616 791 alpibus
627 698 829 771 vetustiora
848 708 1087 772 monumenta
1098 723 1174 772 non
1191 721 1313 770 serva-

142 813 214 898 vit,
244 823 410 886 attamen
438 814 480 886 in
496 822 643 888 vetusta
665 815 856 888 hibernica
877 815 1159 890 fundamentum
1181 817 1308 890 habet.

142 931 277 1004 Altera
292 940 349 1004 est
365 932 786 1030 britannicalingua.
804 935 866 1006 cui
877 935 1084 1029 proximam
1097 915 1311 1029 gallicam

141 1050 338 1144 priscam
359 1046 472 1122 fuisse
490 1051 779 1124 demonstratum
796 1059 867 1136 eat,
896 1059 934 1124 et
959 1077 982 1123 a
999 1074 1074 1144 qua
1090 1057 1311 1144 propagatae

141 1175 231 1240 eunt
247 1167 484 1251 cambriae,
507 1169 698 1254 cornice,
721 1169 956 1251 armorica,
980 1193 1075 1262 quae
1089 1191 1214 1240 omnes
1227 1189 1312 1260 poa-

141 1285 266 1356 aident
282 1293 523 1358 monumenta
537 1285 622 1380 plus
639 1285 700 1359 vel
716 1286 838 1359 minna
853 1293 1009 1369 vetusta,
1031 1286 1136 1358 vivae
1150 1292 1189 1355 et
1200 1281 1312 1355 hodie

141 1402 184 1474 in
209 1424 273 1474 ore
296 1402 444 1496 populi,
476 1403 619 1496 scriptia
644 1412 682 1502 et
699 1404 941 1486 carminibus,
970 1411 1125 1496 excepta
1150 1399 1306 1481 cornico,

142 1520 344 1614 quaejam
371 1519 619 1614 praeterlapso
650 1521 797 1594 saeculo
823 1521 936 1596 otiam
958 1520 1000 1594 in
1032 1521 1122 1592 vicia
1151 1516 1313 1613 regionis

142 1636 354 1709 Cornubiae
372 1637 492 1708 audiri
510 1638 631 1711 desiit.
642 1639 664 1684 ⁴*
999 1641 1003 1650 ’

219 1754 369 1826 Harum
381 1753 605 1848 buguariam,
619 1765 662 1830 ut
673 1766 820 1832 exstant
829 1756 951 1840 hodie,
968 1777 1214 1848 unaquaeque
1228 1775 1312 1824 suos

142 1869 303 1942 cultores
321 1878 360 1944 et
376 1873 617 1965 descriptores
633 1874 792 1956 invenit.
821 1877 887 1970 qui
908 1875 1095 1948 interdum
1118 1872 1231 1944 etiam
1249 1891 1312 1940 ve-

141 1989 341 2060 tustiorum
367 1999 689 2064 monumentorum
706 1994 886 2066 rationem
902 1993 1126 2064 habuerunt.
1173 1989 1312 2060 Hiber-

141 2105 228 2177 nica
243 2131 280 2178 e.
302 2131 374 2202 gr„
395 2114 479 2200 post
496 2108 583 2180 Mac
601 2109 733 2182 Ourtin
752 2110 870 2206 (“The
889 2111 1066 2182 elementa
1084 2104 1126 2178 of
1140 2107 1202 2176 the
1220 2103 1311 2177 irish

140 2221 341 2319 language.
370 2227 513 2300 Lovain
535 2229 629 2301 1728
638 2229 682 2324 ”).
711 2229 869 2302 O’Brian
896 2227 971 2322 (Ἃ
987 2222 1164 2320 practical
1190 2243 1312 2316 gram-

141 2365 223 2413 mar
240 2339 284 2412 of
297 2343 361 2415 the
378 2343 469 2415 irish
482 2343 679 2440 language.
709 2346 853 2418 Dublin
870 2344 996 2440 1809‘·)
1011 2341 1187 2432 aliosque,
1205 2363 1312 2434 prae-

140 2459 296 2552 cipuum
327 2461 692 2544 o’Donovanum,
735 2464 840 2559 cujus
875 2462 971 2534 liber
1005 2459 1202 2552 inscriptus
1232 2464 1307 2528 ast:

138 2577 197 2648 “A
214 2601 401 2671 grammar
413 2577 457 2651 of
468 2581 532 2651 the
550 2581 641 2652 irish
658 2579 854 2677 langurga
875 2579 1074 2672 published
1091 2575 1148 2648 for
1165 2575 1228 2646 the
1247 2596 1311 2644 uso

140 2691 185 2764 of
197 2695 262 2765 the
280 2695 402 2768 senior
419 2695 550 2768 clauses
567 2698 608 2770 in
626 2698 689 2769 the
707 2698 847 2794 college
865 2695 907 2769 of
914 2697 971 2768 St.
982 2695 1175 2767 Columba.
1206 2690 1312 2760 Dub-

140 2810 197 2882 lin
223 2810 365 2884 1845.”
415 2814 690 2886 Vocabulorum
715 2815 794 2910 ejus
819 2815 971 2909 linguae
997 2837 1071 2882 non
1100 2809 1219 2881 solum
1243 2807 1311 2876 ho-

142 2927 292 3000 diernae
310 2929 455 3023 copiam
479 2933 545 3002 sed
562 2932 674 3004 etiam
691 2933 837 3024 saepius
855 2954 875 3000 a
893 2929 1046 3002 vetustis
1063 2922 1311 2998 monumentis

141 3044 336 3118 collectam
361 3046 469 3119 offert
495 3047 660 3121 lexicon:
688 3051 774 3120 “An
795 3044 1065 3138 irieh-englinh
1091 3041 1307 3132 dictionary.

141 3161 198 3233 To
214 3163 340 3234 which
357 3163 388 3234 ia
406 3166 575 3236 annexad
592 3190 614 3236 a
631 3163 892 3258 compendioua
909 3163 1000 3236 irish
1017 3181 1213 3258 grammar.
1255 3156 1312 3250 By

140 3279 303 3352 Edward
321 3280 544 3377 O'Reilly.
582 3281 727 3354 Dublin
748 3282 887 3354 1821.’‘

143 3447 354 3462 ...ψ-Ἣ

139 3543 178 3596 rit
193 3543 265 3596 illud
277 3543 409 3614 primum,
430 3553 576 3600 occurrunt
588 3547 617 3600 in
630 3547 722 3601 codice
733 3545 873 3600 hibernico
886 3547 969 3600 Stoa.
983 3550 1009 3598 4ι
1023 3562 1066 3616 ap.
1081 3542 1184 3598 O’con.
1201 3544 1224 3604 ¹2
1245 3538 1311 3591 ΡΝ·

139 3627 195 3697 leg.
209 3627 251 3692 11,
264 3645 292 3698 p.
306 3628 395 3682 XCVI
407 3629 436 3684 in
448 3630 612 3686 fflcfionibur
630 3630 752 3702 repetitis
771 3631 832 3684 olon
851 3648 887 3684 na
900 3631 978 3694 ὅσοι,
998 3630 1078 3683 claua
1095 3645 1131 3681 no
1143 3623 1235 3680 Fened
1252 3621 1312 3692 (filii

139 3709 301 3774 Scotorum,
327 3711 525 3784 venedorum),
551 3715 650 3784 quibua
669 3715 749 3786 primi
772 3715 801 3768 in
819 3713 954 3767 Hibernia
976 3714 1095 3767 advenae
1113 3709 1309 3781 significantur·

138 3791 219 3847 Haec
240 3794 328 3848 forma
344 3797 437 3851 ΡΜ
453 3798 475 3852 ri
493 3805 626 3852 recteest
646 3798 722 3868 (aliar
734 3799 822 3864 Fene,
842 3799 927 3852 Faba
944 3797 1045 3868 legitur
1062 3793 1223 3863 duntaxat),
1249 3805 1311 3842 cum

138 3878 243 3932 ambr.
260 3881 411 3949 (lapurdo,
431 3881 583 3946 Vmodotc'cr,
598 3883 760 3936 conterende
771 3891 822 3936 art.

209 3964 223 3990 '
240 3963 302 4018 Jam
314 3981 362 4036 per
373 3966 510 4020 naculum
525 3965 659 4020 decimum
667 3967 810 4038 septimum
818 3967 899 4022 (leniit
912 3982 970 4020 aare
979 3965 1128 4020 communis
1137 3964 1240 4032 lingua,
1255 3958 1310 4012 uai-

137 4054 196 4100 tata
207 4053 316 4102 tautum
329 4047 357 4102 iu
370 4050 462 4120 paucis
475 4049 636 4119 quibusdam
645 4050 790 4104 etremotia
804 4050 880 4104 locis.
900 4049 1010 4103 Dicitur
1024 4057 1113 4102 tamen
1126 4047 1209 4118 hujus
1217 4039 1311 4113 populi

137 4129 236 4184 ultima
257 4131 380 4186 comicae
399 4132 509 4202 linguce
527 4151 612 4203 gnara
622 4127 708 4205 Dolly
720 4135 881 4198 Perimam,
901 4133 1042 4187 Dorothea
1053 4133 1102 4196 R,
1123 4147 1191 4202 quaa
1204 4127 1273 4180 obiit
1284 4143 1309 4178 a·

139 4218 382 4270 triennarum
397 4219 445 4270 loa
466 4215 518 4286 (Cf.
533 4217 617 4270 libros
629 4217 788 4288 inscriptam
799 4215 976 4288 “Specimena
995 4217 1026 4270 os
1042 4217 1149 4269 corniah
1162 4211 1311 4285 provincial

137 4297 245 4374 dialect,
261 4297 297 4370 by
310 4299 396 4354 Uncle
408 4300 461 4354 Jan
473 4301 648 4355 Treanoodle.
667 4301 756 4355 lond.
774 4299 872 4366 1846”,
892 4320 919 4372 p.
937 4305 1017 4364 1-4,
1039 4307 1067 4353 et
1081 4297 1096 4316 “
1107 4300 1164 4352 Th'e
1176 4297 1263 4352 Circle
1281 4313 1312 4348 or
1429 4349 1432 4358 ,

136 4381 277 4536 hirtoti)cal
295 4401 395 4456 currey
412 4383 443 4436 of
457 4385 530 4456 aixty
549 4383 670 4455 pariebas
687 4385 741 4439 and
759 4393 846 4440 towns
865 4385 893 4438 in
906 4383 1048 4439 Cornu-all.
1079 4383 1196 4438 Haleton
1212 4375 1308 4448 1819”‚

136 4481 164 4536 p.
180 4469 229 4520 195
244 4503 252 4518 .
