3204 5084
521 379 549 442 1.
584 385 610 439 1.
658 395 799 440 vocares
815 395 1023 438 amr-:anicla
1038 394 1175 438 anavus.

629 719 801 790 CAPUT
836 717 1063 790 PRIMUM.

406 887 462 958 De
480 912 651 959 sonorum
669 887 850 968 seriebus,
872 895 1004 958 natura
1022 893 1059 956 et
1076 883 1287 956 infectione.

604 1089 639 1158 Ι.
695 1087 803 1158 Soni
843 1087 1088 1160 hibernici.

705 1287 745 1347 A.
791 1285 979 1348 Vocales.

298 1503 305 1518 ·
348 1485 516 1550 Vocalium
537 1487 717 1570 systemati,
742 1489 827 1570 quod
848 1489 1049 1550 observatum
1069 1488 1170 1552 estin
1188 1487 1306 1571 linguis
1321 1486 1430 1569 stirpis

262 1590 503 1672 indeuropaeae,
524 1613 590 1654 non
613 1603 770 1674 repugnat
785 1593 896 1655 celtica
914 1592 1035 1674 lingua.
1061 1593 1188 1656 Vocalis
1206 1593 1247 1669 A,
1270 1591 1428 1655 vocalium

261 1705 406 1756 centrum
422 1706 454 1757 et
468 1696 677 1780 principium,
703 1697 895 1778 divergendo
909 1699 1033 1760 duobus
1049 1697 1161 1773 radiis,
1180 1707 1337 1759 extremas
1353 1717 1428 1758 con·

262 1809 311 1862 tra
326 1821 359 1862 se
374 1800 492 1882 positas
508 1800 603 1863 habet
619 1802 741 1863 vocales
757 1823 797 1862 ex
812 1824 878 1864 una
892 1813 981 1886 parte
997 1803 1031 1878 I,
1053 1825 1092 1864 ex
1108 1803 1205 1864 altera
1221 1803 1263 1877 U,
1283 1822 1364 1884 quae
1378 1821 1426 1862 re-

260 1903 403 1988 ligantur
417 1925 474 1987 per
487 1905 689 1969 intermedias
705 1905 740 1967 in
754 1905 958 1988 principium,
985 1906 999 1968 i
1012 1907 1131 1970 scilicet
1145 1905 1304 1969 mediante
1320 1905 1360 1980 Ε,
1378 1915 1427 1966 at·

260 2031 322 2092 que
344 2031 365 2071 a
385 2007 545 2072 mediante
561 2011 601 2072 Ο.
636 2011 720 2073 Sunt
741 2033 849 2074 omnes
871 2011 931 2074 hae
949 2013 1072 2074 vocales
1087 2023 1144 2074 aut
1159 2011 1334 2093 simplices,
1360 2009 1427 2071 sive

259 2116 415 2189 breves,
434 2125 658 2197 correptae,
678 2127 734 2178 aut
752 2116 910 2200 duplices,
929 2117 995 2179 sive
1010 2117 1169 2200 longae,
1193 2117 1439 2198 productae..

258 2220 398 2281 Junctae
423 2227 581 2281 extremae
608 2220 731 2282 vocales
758 2232 815 2284 aut
842 2243 916 2283 curn
936 2222 1092 2306 principio
1114 2233 1171 2284 aut
1191 2221 1274 2283 inter
1295 2241 1328 2282 se
1350 2229 1428 2281 sunt

259 2323 463 2406 diphthongi,
486 2332 548 2386 tres
565 2345 639 2406 ergo
654 2325 713 2401 ΑΙ,
731 2327 793 2388 AU
808 2337 841 2388 et
856 2327 917 2402 lU,
936 2327 976 2390 ad
991 2349 1069 2409 quas
1085 2327 1206 2390 accedit
1221 2346 1261 2388 ex
1276 2325 1426 2386 interme·

259 2427 320 2490 diis
338 2428 408 2490 OE.
442 2428 501 2490 Est
521 2428 634 2491 harum
655 2430 829 2506 vocalium,
853 2431 1037 2512 praesertim
1052 2431 1255 2514 simplicium,
1284 2429 1332 2492 vis
1348 2428 1426 2490 alte-

259 2553 332 2596 rans
348 2531 431 2594 inter
447 2553 524 2608 sese,
546 2553 641 2615 quam
656 2544 689 2596 et
703 2534 754 2596 hic
770 2557 828 2598 noa
843 2536 984 2599 dicemus
1000 2536 1214 2600 infectionem.

663 2787 833 2852 Vocal-es
863 2792 1018 2854 breves.

344 2967 395 3066 Α
410 3014 569 3087 correptae
584 3003 729 3088 exempla
744 3003 779 3065 in
794 3005 927 3068 vetustis
942 3003 1126 3074 nominibus
1137 3003 1261 3088 gallicis
1273 3015 1322 3067 sat
1333 3001 1425 3066 exhi-

257 3114 335 3175 bent
350 3113 419 3195 jam
439 3120 550 3197 potitae
570 3114 663 3176 latini
684 3113 840 3177 veteres*
869 3113 983 3197 Virgil.
1001 3116 1059 3178 ecl.
1081 3124 1117 3192 1,
1141 3123 1198 3178 63:
1224 3126 1280 3180 aut
1301 3113 1423 3179 Ararin

326 3383 339 3408 ⁶
358 3383 383 3433 Α
395 3383 482 3452 potitis
495 3383 611 3436 romanis
624 3399 720 3436 vocum
732 3381 888 3452 gallicarum
901 3385 1006 3439 vocales
1018 3403 1058 3452 ea,
1073 3403 1126 3456 qua
1137 3385 1316 3438 audiebantur
1329 3400 1362 3436 ex
1376 3399 1423 3436 ora

257 3465 407 3535 peregrino,
419 3467 569 3534 quantitate
576 3466 694 3519 redditas
703 3483 768 3532 esse,
778 3484 833 3520 non
845 3467 965 3533 dubium,
976 3488 1036 3523 cum
1048 3477 1180 3541 patenter
1193 3475 1306 3537 utraque
1315 3468 1421 3538 lingua,

257 3549 394 3602 hibernica
412 3557 440 3602 et
459 3551 617 3615 britannica,
633 3559 660 3604 et
676 3551 765 3622 plures
783 3555 878 3622 poetae
896 3553 996 3607 fuerint
1008 3554 1119 3624 gallicae
1132 3553 1244 3624 originis
1257 3553 1300 3606 vel
1311 3551 1421 3622 linguae

256 3633 368 3704 gallicae
386 3634 531 3688 habuerint
549 3635 746 3705 cognitionem,
766 3653 790 3688 e.
805 3653 846 3705 gr.
860 3637 1003 3706 Virgilius,
1023 3637 1158 3702 Catullus,
1174 3637 1328 3701 Ausonius,
1344 3635 1422 3690 Sido-

256 3718 327 3770 nius.
353 3719 429 3771 Haec
447 3719 541 3789 regula
560 3737 614 3772 non
628 3719 775 3773 destruitur
787 3735 840 3771 una
852 3721 895 3772 vel
906 3721 990 3774 altera
1002 3722 1110 3775 licentia
1122 3721 1242 3792 politica,
1265 3739 1326 3775 cum
1339 3739 1363 3774 e.
1379 3738 1420 3790 gr.

256 3801 412 3874 Propertius
425 3807 450 3867 4,
467 3807 507 3856 10.
522 3809 550 3856 41
568 3804 678 3874 corripit
689 3821 706 3855 a
718 3803 834 3856 nominis
847 3805 937 3872 gallici
948 3806 1136 3871 Virdomarus,
1151 3823 1231 3876 quam
1243 3813 1358 3874 utraque
1369 3803 1421 3856 lin-

256 3903 310 3956 gua
328 3886 446 3940 vindicat
464 3887 587 3958 longam,
608 3895 636 3941 et
654 3905 734 3958 quam
753 3887 834 3940 etiam
852 3887 920 3960 lapis
938 3897 1059 3944 vetustus
1078 3892 1155 3962 signo
1174 3887 1359 3962 productionis
1372 3905 1421 3940 no-

256 3979 297 4024 tat
311 3970 405 4042 (Orell.
420 3973 513 4044 ³582),
528 3973 570 4026 vel
583 3987 643 4026 cum
662 3971 708 4025 alii
721 3975 816 4042 poetae
834 3980 947 4042 cogente
959 3983 1044 4027 metro
1057 3975 1210 4046 producunt
1221 3973 1315 4026 breves
1327 3989 1349 4036 a,
1364 3989 1379 4022 ο
1392 3973 1419 4024 in

257 4055 410 4109 nominibus
423 4057 609 4122 Aremoricus,
624 4056 800 4120 Caledonius,
816 4055 1010 4110 Medidlanum.
1036 4059 1209 4111 Recentiores
1227 4061 1322 4128 politae
1333 4056 1421 4108 mino-

256 4139 292 4194 ris
305 4147 369 4193 sunt
381 4141 547 4194 auctoritatis
559 4141 586 4194 in
599 4141 649 4194 hac
661 4157 705 4205 ra,
720 4158 744 4193 e.
758 4159 799 4210 gr.
815 4141 962 4194 Venantius
975 4143 1156 4205 Fortunatus,
1176 4141 1222 4210 qui
1235 4141 1302 4194 adeo
1316 4140 1421 4192 diversa

257 4225 407 4297 quantitate
424 4225 526 4296 profert
541 4226 648 4278 easdem
675 4225 814 4279 nominum
833 4225 1045 4294 germanicorum
1063 4225 1183 4280 vocalem
1199 4231 1228 4290 4,
1244 4229 1259 4278 3
1277 4223 1419 4293 Thuringi,

256 4309 387 4378 producta
399 4327 425 4374 a,
440 4314 471 4373 4,
486 4313 501 4362 2
515 4317 543 4362 et
554 4313 579 4375 8,
597 4314 606 4362 l
622 4309 783 4378 Thuringis,
797 4315 868 4362 terra
880 4309 1012 4379 Turinga,
1027 4317 1148 4380 correpta
1165 4329 1193 4374 o,
1208 4315 1239 4362 ut
1252 4311 1282 4372 7,
1297 4311 1310 4360 '1
1325 4315 1352 4360 et
1364 4311 1389 4370 9,
1409 4313 1417 4358 1

257 4409 355 4445 nomen
367 4393 470 4458 Dauus,
485 4395 566 4458 Dani,
580 4413 597 4446 α
609 4393 690 4446 modo
702 4393 832 4463 producta
844 4392 924 4446 modo
937 4401 1067 4466 correpta.
1087 4395 1191 4448 Eodem
1203 4392 1284 4446 modo
1297 4391 1325 4443 in
1339 4393 1363 4454 3,
1379 4393 1418 4442 tl.

259 4479 289 4530 14
303 4475 420 4531 Maualla
430 4495 448 4528 a
460 4478 598 4549 producta,
613 4477 641 4530 in
656 4481 696 4542 10,
714 4481 744 4530 10
757 4476 871 4530 Masada
882 4495 898 4530 o
909 4484 1040 4548 correpta.
