3184 5078
361 432 390 492 I.
423 437 451 492 1.
482 450 650 496 consonus
666 451 874 498 manamaur
889 453 1081 498 scissurus.
1262 433 1302 494 57

132 601 252 664 Veneti
267 611 434 664 cotoneum
450 601 624 683 (herbam);
643 603 699 665 sed
714 607 766 679 27,
785 609 820 665 6:
836 603 923 666 alam
938 624 996 666 nos
1011 623 1171 678 vocamus,
1189 599 1303 664 Graeci

133 705 330 790 symphyton
344 715 521 790 petraeum.
552 707 629 770 Non
650 707 795 772 radicalis
816 708 852 771 in
873 709 924 772 his
945 708 1167 792 proculdubio
1183 707 1223 783 lt,
1249 707 1304 770 sed

133 811 243 876 addita
266 812 379 875 eodem
399 813 494 875 modo
516 823 553 874 ut
574 811 609 874 in
624 813 807 876 nominibus
822 814 955 878 vetuistis
970 814 1158 898 germanicis
1173 811 1304 877 Hermi-

133 941 248 994 nones,
267 917 504 980 Hermunduri.
537 919 605 980 Neo
622 919 723 1001 magis
738 919 845 982 forsan
860 919 895 981 in
910 920 1029 983 medio:
1056 919 1187 984 Vahalis
1209 920 1301 982 Caes.

133 1028 294 1107 (attamen
309 1022 449 1099 Vacalis,
478 1022 628 1086 Vachalis
643 1023 739 1106 aliis).
765 1023 936 1088 Drahonus
952 1026 1059 1109 (fluv.)
1076 1028 1198 1090 Auson.
1217 1027 1300 1088 Mos.

133 1137 211 1192 305.
230 1129 419 1192 Lelerenno
434 1129 520 1211 (deo)
537 1129 638 1191 Inscr.
656 1150 708 1212 ap.
726 1129 825 1193 Orell.
845 1137 940 1193 2020.
965 1131 1184 1195 Nekalenniae
1200 1132 1303 1212 (deae)

131 1235 237 1299 01011.
265 1239 360 1296 2020.
388 1241 439 1296 30.
467 1240 518 1295 31.
559 1234 600 1296 111
626 1233 886 1318 inscriptionibus
912 1236 989 1300 item
1014 1238 1161 1320 frequens
1188 1257 1304 1300 nomen

132 1362 278 1424 compos.
296 1338 427 1402 medae:
446 1339 666 1416 Rumanehac,
686 1340 922 1405 Maviatinchae
936 1352 1110 1419 manantur,
1129 1353 1166 1406 ut
1181 1342 1305 1404 videtur

133 1447 308 1510 Gallorum
329 1446 416 1508 deae.
450 1444 491 1506 In
513 1444 643 1507 nominc
665 1445 826 1528 Euhages,
854 1447 1019 1511 nominato
1040 1469 1114 1510 cum
1138 1447 1250 1511 Bnrdis
1274 1457 1306 1508 et

134 1551 272 1615 Druidis
287 1551 373 1633 apud
387 1549 595 1612 Ammianum
610 1552 677 1630 (15,
697 1553 730 1632 0)
753 1553 900 1634 equidem
922 1575 988 1616 non
1009 1553 1100 1616 video
1122 1555 1162 1630 11,
1188 1553 1243 1616 sed
1258 1551 1305 1614 nil

133 1658 201 1720 nisi
221 1656 302 1719 fiulso
324 1655 443 1717 lectum
461 1655 664 1718 ΟΥΛΤΕΙΣ
681 1655 786 1739 graeci
801 1657 897 1720 fontis
913 1658 1103 1738 (Strabonis,
1123 1663 1215 1742 4,1),
1233 1659 1255 1720 i.
1274 1679 1302 1720 e.

135 1775 226 1827 rates
249 1762 389 1844 (hibern.
414 1771 477 1823 vet.
499 1759 620 1844 fditlt).
653 1761 703 1824 De
724 1762 746 1825 11
767 1761 948 1826 intromissa
963 1763 998 1828 in
1013 1765 1105 1828 dictis
1121 1763 1304 1828 nominibus

136 1869 256 1932 videsis
272 1868 332 1930 sub
347 1865 542 1950 spirantibus
558 1865 754 1930 britannicis.

226 1973 248 2037 S
264 1972 379 2056 gallica
394 1972 443 2034 vel
457 1971 636 2034 britannica
651 1973 836 2056 singularis:
862 1977 974 2054 Sabis,
1001 1977 1142 2054 Seduni,
1161 1979 1306 2040 Senones

136 2081 232 2145 Caes.
250 2073 452 2165 Σεσηρονεύς
466 2077 651 2158 (Sacranius
667 2079 817 2163 Inscript.
831 2081 971 2145 britann.
985 2084 1084 2147 Orell.
1101 2085 1198 2164 2770)
1214 2081 1303 2144 Ρ1111.

137 2187 204 2266 (ed.
220 2184 340 2248 Reislrc
359 2191 408 2260 10,
426 2185 512 2266 732).
531 2183 916 2269 Bellovesus,S1govesus
932 2169 1003 2251 Liv.
1017 2187 1183 2264 Vesontio,
1199 2185 1307 2249 Alesia

137 2293 233 2356 Caes.
258 2289 418 2353 Alisontia
441 2291 564 2352 Auson.
590 2289 740 2353 Belisana
763 2291 937 2375 (Minerva)
961 2294 1060 2358 Orell.
1087 2300 1180 2355 1000.
1205 2291 1306 2355 Civis·

136 2417 249 2460 marus
265 2399 417 2478 (compos.
432 2394 666 2471 Civis-marus,
684 2417 717 2478 p.
735 2399 787 2478 10)
805 2397 874 2460 Liv.
894 2399 1139 2462 Cartismandua
1154 2398 1207 2480 (cf.
1223 2398 1307 2480 Epo·

136 2503 415 2576 manduodnrum,
435 2499 617 2582 Mandubii)
633 2500 735 2563 Tacit.
754 2501 931 2566 Ratisbona
947 2505 1000 2586 (cf.
1019 2503 1226 2579 Vindobona,
1245 2505 1307 2564 Bo·

137 2609 253 2690 nonia)
280 2605 314 2668 in
337 2605 453 2669 chartis
475 2605 572 2670 medii
593 2605 673 2668 aevi.
713 2608 833 2671 Juncta
854 2609 924 2672 aliis
947 2609 1111 2672 consonis:
1142 2607 1308 2689 Catoslugi

138 2717 297 2796 (compos.
315 2711 417 2794 -slogi
431 2733 464 2794 p.
481 2717 534 2794 27)
552 2709 799 2798 Ρ1111.Σμε’ρται
815 2716 903 2798 (pop.
919 2715 1084 2796 Britann.)
1100 2714 1185 2776 Ptol.
1202 2715 1308 2774 Smer·

138 2817 299 2882 111111011110
315 2817 465 2902 Inscript.
484 2817 583 2880 Orell.
605 2825 677 2881 188.
695 2821 863 2882 Rosmerta
879 2821 969 2898 (dea3
995 2839 1133 2902 compos.
1152 2819 1308 2898 lto-sm.)

138 2923 294 3006 Inscript.
320 2922 584 3004 Bramspantium
606 2925 758 3008 (compos.
777 2928 972 3007 Bruta-sp.)
994 2925 1085 2987 Caes.
1111 2925 1310 3004 Sparnacum

137 3029 233 3112 (hod.
252 3029 413 3111 Epemay)
428 3028 529 3091 chart.
547 3031 631 3092 med.
649 3051 717 3092 acv.
737 3033 924 3107 Stanacum,
946 3030 1076 3093 Stiriate
1092 3029 1164 3110 (loc.
1183 3027 1309 3108 Noric.)

139 3129 513 3215 11111.Στουκκία(11110.
532 3133 631 3215 Brit.)
648 3135 732 3198 Ptol.
759 3135 883 3199 Scaldis
899 3137 991 3199 Caes.
1010 3133 1096 3198 Plin.
1123 3135 1311 3216 Scarponna

138 3241 197 3320 (ad
213 3239 395 3320 Mosellam)
411 3237 490 3302 ltin.
523 3240 563 3302 In
578 3240 683 3304 media
697 3261 789 3304 voce:
809 3241 987 3326 Tasgetius,
1007 3239 1199 3323 Moritasgus
1216 3239 1307 3301 Caes.

139 3343 353 3427 Caspingium
379 3345 433 3425 (ad
460 3344 566 3407 Rhen.
595 3345 704 3428 infer.)
731 3347 809 3410 ltin.
838 3341 1050 3434 Ἀνηρόεστος
1076 3345 1212 3427 (Gallos.
1241 3347 1310 3426 rex)

141 3451 257 3534 Polyb.
277 3449 421 3512 Pistillus
435 3449 584 3533 Inscript.
600 3451 699 3514 Orell.
717 3457 812 3514 2776.
831 3455 901 3516 Isca
913 3455 1001 3537 (opp.
1017 3452 1115 3535 Brit.)
1129 3451 1214 3514 Ptol.
1230 3450 1308 3513 ltin.

140 3555 281 3618 Matisco
293 3555 384 3618 Caes.
400 3555 534 3618 Isinisca
546 3556 620 3637 (loc.
635 3555 811 3639 Vindelic.)
827 3558 906 3621 ltin.
926 3558 1081 3622 Malsouis
1096 3558 1143 3620 fil.
1159 3555 1309 3639 Inscript.

140 3662 239 3726 Grut.
258 3667 330 3736 763,
346 3667 376 3722 6.
396 3662 520 3737 Mursa,
536 3661 692 3724 Mursella
704 3663 866 3742 (Pannon.
881 3663 1006 3747 oppid.)
1023 3663 1101 3727 ltin.
1123 3655 1312 3746 Kapoiyva-

139 3787 199 3842 τος
215 3766 329 3850 Polyb.
345 3769 412 3848 (25,
428 3771 473 3849 4).
493 3765 665 3850 Duplicata
681 3767 747 3830 SS:
766 3769 878 3831 Casses
895 3769 967 3851 (dii)
983 3770 1084 3832 Inscr.
1100 3768 1199 3831 Orcll.
1218 3773 1310 3828 1070.

141 3871 404 3936 Cassivellaunus
426 3873 518 3936 Caes.
543 3873 720 3950 Trecasses,
739 3873 941 3952 Viducasses,
968 3875 1172 3938 Bodiocasses
1188 3871 1313 3956 (populi

141 3979 263 4064 gallici)
281 3977 368 4042 Plin.
387 3976 569 4060 Bajocasscs
584 3977 688 4041 Notit.
707 3979 848 4062 provino.
868 3979 1001 4043 Galliar.
1019 3978 1215 4044 Vindonissa
1232 3977 1309 4040 ltin.

142 4085 262 4148 Salassi
279 4083 349 4147 Liv.
368 4081 521 4146 Revessio
536 4082 614 4146 Itin.

229 4187 422 4273 Spirationis
445 4187 480 4250 in
501 4198 627 4252 vetusta
649 4187 760 4272 lingua
781 4189 897 4272 gallica
919 4211 1018 4252 sonus
1040 4187 1243 4262 fortissimus,
1261 4187 1315 4249 ad-

141 4295 243 4360 mixta
256 4294 428 4378 gutturali,
447 4293 583 4377 amplius
599 4295 769 4358 statuenda
784 4305 832 4358 est
847 4297 893 4371 X,
911 4294 964 4358 cui
980 4295 1020 4356 ob
1035 4291 1239 4376 scriptionem
1254 4293 1313 4357 XS

141 4402 174 4464 in
197 4399 462 4486 inscriptionibus
485 4399 646 4462 interdum
668 4398 794 4463 obviam
816 4399 1007 4462 vindicanda
1027 4397 1154 4461 videtin
1174 4419 1315 4482 pronun·

142 4507 232 4572 tiatio
254 4507 328 4572 soni
343 4505 444 4568 indici
460 4504 554 4581 110011,
572 4527 600 4568 0.
614 4526 662 4588 gr.
680 4505 715 4566 in
730 4505 860 4569 nominc
875 4505 1002 4588 cognito
1017 4503 1226 4585 1100101111)ὴο
1243 4501 1314 4584 (1111-
