3184 5078
322 409 349 472 1.
378 416 404 470 l.
450 427 620 474 consonas
635 428 861 474 serrsnurosn
876 429 1070 472 escensana.
1216 412 1276 472 145

138 575 264 640 audacior
285 577 335 662 [cf.
358 578 543 664 comparat]
567 577 643 642 Wb.
663 575 728 640 25⁵.
752 579 813 642 Ml.
834 575 897 656 19⁴,
918 601 966 664 gr.
992 573 1131 666 θρασύς.
1153 579 1273 642 eumbr.
1310 659 1316 674 ,

136 681 259 744 hodiem.
275 684 371 746 subet.
389 682 493 760 babo,
511 683 705 767 arrogantia,
724 683 891 761 exaltatio,
910 686 996 748 unde
1010 684 1074 768 adj.
1093 683 1271 768 bodoowp,

136 785 288 869 boboam)
308 787 342 852 in
365 809 503 872 compos.
521 789 662 852 dt'drobo
683 789 805 872 (animo
829 811 950 867 carens,
969 789 1114 872 timidus)
1131 790 1220 852 Mab.
1242 797 1270 866 1,

136 897 195 953 236.
213 898 239 968 3,
258 899 306 956 24.
336 895 411 958 Non
427 903 534 957 nmen
548 895 677 971 amavit,
695 906 733 958 ut
750 895 886 973 videtur,
905 895 1048 959 hocloco
1063 895 1175 978 lingula
1190 916 1275 958 cam-
1301 947 1305 956 ,

134 997 203 1060 brios
222 997 398 1081 spirantem,
417 999 581 1062 excutiens
604 1021 675 1064 eam
696 999 857 1064 interdum
872 1001 923 1063 vel
938 1011 1158 1084 transponens,
1176 1021 1205 1063 e.
1222 1021 1271 1083 gr.

133 1100 161 1164 in
178 1102 283 1166 edwius·
303 1106 373 1188 (pro
393 1103 534 1168 otwitor
547 1135 590 1158 ==
604 1104 728 1168 hibern.
754 1105 825 1168 aior
847 1127 864 1168 e
885 1105 972 1169 ciam
980 1153 990 1182 ,
1014 1105 1134 1182 subur,
1153 1127 1271 1169 sanscr.

132 1208 241 1286 mori,
258 1210 296 1272 cf.
313 1232 346 1293 p.
366 1215 418 1272 64.
438 1213 508 1292 68),
525 1209 648 1274 laeam
670 1212 742 1294 (pro
757 1209 896 1286 aedom,
914 1211 996 1293 geel.
1015 1209 1089 1272 iarn
1112 1231 1151 1273 ex
1172 1209 1272 1286 isam,

131 1333 214 1395 germ.
224 1324 281 1376 vet.
292 1314 407 1397 born).
432 1314 543 1378 Minus
555 1314 653 1378 etiam
663 1315 806 1380 obtinere
816 1325 922 1400 potest
932 1316 953 1378 d
965 1315 1000 1378 in
1008 1316 1083 1392 fine,
1095 1315 1161 1402 ubi,
1173 1314 1275 1378 sinon

131 1417 238 1497 decidit,
261 1420 342 1484 facta
365 1431 414 1483 est
434 1419 783 1503 ele(of.formasnu1n.
802 1421 897 1498 ctwe,
917 1419 1051 1497 ebweeb,
1069 1423 1157 1502 sex),
1177 1442 1205 1483 e.
1223 1443 1271 1504 gr.

131 1520 158 1584 in
172 1523 377 1588 terminatione
393 1525 600 1608 comparativi
615 1525 700 1604 -ach,
716 1549 830 1591 armor.
849 1524 931 1601 -oeh,
946 1547 1026 1609 quae
1037 1525 1105 1608 jam
1120 1525 1155 1588 in
1169 1525 1275 1610 glossa

130 1627 218 1690 Onon.
232 1629 403 1713 puobedach
424 1631 625 1715 (sapientior)
648 1633 755 1709 adest,
774 1653 847 1694 oum
869 1629 993 1694 hibern.
1012 1641 1075 1693 vet.
1094 1653 1146 1708 -u,
1165 1629 1218 1695 -e'tt
1234 1629 1275 1694 sit

129 1752 175 1814 pro
187 1755 243 1810 -us,
261 1734 323 1798 dus
339 1736 395 1817 (cf.
412 1759 445 1820 p.
463 1743 501 1798 64
518 1747 551 1799 et
565 1735 648 1799 infra
663 1737 778 1801 formas
794 1735 1063 1819 comparationis).
1263 1737 1268 1752 “

199 1839 235 1901 In
249 1839 339 1905 initio
354 1841 453 1904 etiam
468 1864 581 1905 vocum
596 1843 707 1906 eodem
721 1843 814 1906 modo
830 1843 1022 1904 condensata
1037 1851 1085 1904 est
1100 1839 1224 1925 spirans
1239 1840 1274 1904 in

128 1942 337 2009 combinatione
352 1947 463 2010 CHW
478 1946 588 2010 solitae
613 1945 793 2032 scriptionis
808 1945 843 2008 in
858 1947 961 2024 Mau,
979 1957 1075 2030 atque
1089 1946 1272 2022 hodiernae,

128 2047 170 2109 cui
195 2051 416 2115 combinationi
450 2053 620 2136 respondet
656 2052 777 2116 scilicet
808 2051 876 2115 SW
905 2050 1040 2114 alianum
1077 2051 1271 2135 linguarum.

128 2151 262 2238 Exempla
282 2179 299 2219 e
314 2157 423 2220 Mau:
449 2157 532 2221 edwi
545 2160 614 2240 (vos
623 2182 633 2233 ;
650 2189 694 2210 =
708 2157 783 2234 stoi,
801 2157 925 2220 hibern.
944 2167 1007 2219 vet.
1025 2156 1070 2233 si,
1094 2157 1134 2220 cs.
1153 2179 1272 2220 sanscr.

127 2277 195 2335 was,
210 2259 262 2324 lat.
280 2265 346 2345 vos)
363 2263 408 2346 sq.
432 2262 534 2340 ehwe,
553 2261 676 2326 ehweeh
700 2263 783 2344 (sex)
799 2263 843 2346 fq.
867 2261 994 2340 cbwior,
1013 2262 1138 2327 ebwoer
1160 2263 1274 2346 (soror)

128 2367 241 2437 1,248.
264 2371 337 2430 275.
363 2367 470 2453 ohwys
492 2369 619 2451 (sudor;
643 2389 743 2451 germ.
768 2377 832 2429 vet.
854 2368 961 2444 aweit,
985 2368 1069 2451 swit)
1093 2373 1129 2444 2,
1150 2373 1272 2430 sata.

126 2465 289 2536 edwecdocd
311 2473 467 2558 <dulcior;
489 2475 607 2536 cambr.
626 2472 700 2536 hod.
719 2471 840 2556 ebweq,
859 2471 979 2551 dulcia,
998 2473 1038 2536 cf.
1057 2495 1175 2536 sanscr.
1194 2481 1274 2536 stod-

125 2571 182 2650 dus,
199 2579 280 2660 angl.
298 2582 408 2662 sweet)
425 2585 455 2656 2,
476 2583 548 2641 223.
573 2577 796 2644 ebwannocket
810 2577 971 2659 (ambitio,
989 2577 1199 2654 desiderium
1217 2579 1274 2641 ho·

124 2677 359 2762 demulceant,
378 2681 581 2761 desiderium,
599 2683 723 2746 hibern.
741 2693 805 2745 vet.
823 2691 907 2760 sont,
925 2704 981 2767 pro
997 2684 1132 2764 suom)
1149 2687 1180 2759 2,
1197 2689 1271 2745 375.

124 2783 276 2853 choadis
303 2788 430 2875 (risus)
455 2795 490 2866 1,
515 2795 567 2852 29.
593 2794 667 2852 289.
694 2793 730 2864 2,
758 2793 831 2850 377.
870 2787 1004 2872 Propria
1033 2786 1175 2870 ejusdem
1205 2787 1275 2850 soni

43 2943 45 2954 ,
122 2887 293 2971 dgnifioetio
314 2903 364 2958 est
387 2893 422 2956 in
443 2893 557 2977 glossis
573 2895 730 2958 Luxemb.
748 2893 783 2955 in
804 2891 868 2976 adj.
895 2891 1114 2955 ooouantolion
1134 2891 1191 2974 (gl.
1218 2915 1273 2955 on·

122 2993 311 3076 drivenereis3
339 2999 362 3062 i.
381 3021 410 3062 e.
434 2999 560 3084 cupidi,
586 2997 767 3074 libidinosi,
793 2999 911 3060 cambr.
937 2995 1011 3058 hod.
1038 2995 1271 3080 obwontolc'on),

121 3096 218 3164 sinon
237 3103 412 3188 legendum
435 3103 670 3170 chananaeos.
703 3101 887 3178 Quaeritur,
905 3123 1015 3165 annon
1034 3101 1069 3164 in
1084 3101 1274 3184 quibusdam

121 3206 294 3272 combinatio
316 3221 388 3274 orta
408 3210 451 3274 sit
472 3232 490 3274 e
509 3208 653 3294 simplice
675 3229 707 3285 c,
731 3231 760 3272 e.
778 3231 826 3292 gr.
844 3207 879 3270 in
901 3207 1059 3271 numerali
1080 3206 1220 3285 ohweeb,
1238 3207 1274 3270 in

121 3328 173 3389 quo
192 3314 278 3377 nulla
298 3315 414 3399 lingua
437 3315 567 3380 exhibet
581 3337 636 3393 sao,
655 3313 689 3378 in
705 3315 806 3378 subst.
825 3311 960 3391 eluant,
978 3313 1102 3377 hibern.
1119 3323 1183 3378 vet.
1201 3322 1275 3378 sont

121 3413 166 3493 (cf.
182 3417 338 3484 Santones
353 3421 502 3505 Caes.).*

191 3524 369 3590 Corniea
389 3525 535 3610 exempla
556 3525 578 3590 h
599 3525 780 3590 inchoantis
802 3535 834 3588 et
855 3523 997 3600 mediae,
1022 3523 1195 3588 eVocab.:
1221 3523 1274 3588 tir

119 3621 264 3712 (hugus),
282 3631 409 3717 helpen
425 3636 482 3716 (=
496 3631 609 3715 salix),
633 3629 766 3694 belboor
782 3630 960 3712 (venator),
978 3627 1101 3692 mutiat
1114 3629 1273 3712 (perseeu-

118 3735 186 3812 tor),
203 3737 370 3801 eunhinsa'c
384 3737 539 3822 (justus),
557 3735 733 3801 cembineio
747 3735 900 3820 (injustus
909 3757 919 3810 ;
937 3755 954 3798 e
969 3734 1070 3797 subst.
1087 3733 1172 3812 tim,
1190 3733 1271 3810 tint,

117 3832 188 3918 via),
204 3840 278 3904 ehoe
293 3843 434 3924 (esucius
456 3845 479 3907 l.
498 3843 623 3926 salmo).
657 3843 685 3906 E
701 3843 811 3905 Pasa:
837 3841 950 3926 belhye
965 3839 1098 3922 (venari,
1117 3839 1144 3901 si
1164 3838 1211 3902 ita
1229 3837 1273 3901 le·

116 3943 245 4020 dffldum
259 3969 318 4031 pro
333 3949 564 4035 mirosolleyn)
582 3953 634 4024 21,
655 3953 685 4024 3,
703 3946 794 4032 helye
809 3945 927 4030 (sequi)
943 3945 986 4029 fq.
1017 3943 1135 4008 Deficit
1150 3943 1273 4026 spirans

119 4110 316 4132 Ἁ-

175 4229 187 4256 ’
204 4230 305 4288 eontra
322 4233 431 4305 linguae
448 4233 570 4304 regulam
586 4235 643 4288 chao
660 4233 766 4288 obtinet
781 4249 831 4303 pro
841 4247 892 4301 pso,
907 4247 932 4282 ao
943 4231 973 4283 in
985 4245 1050 4283 voce
1061 4243 1152 4297 pecore
1166 4227 1271 4298 (ludus,

113 4315 201 4377 dms
216 4315 254 4386 gl.
268 4318 391 4390 Oxon.)=
410 4320 554 4390 octworyy
573 4319 621 4372 δι’.
637 4359 644 4372 .
660 4317 811 4388 ‚pwaryqf
827 4315 871 4385 (an
884 4314 980 4368 ludes?
998 4313 1118 4384 ludam),
1137 4329 1228 4382 peoora
1239 4311 1275 4384 dy

115 4394 216 4464 thavata,
228 4419 322 4470 peoora
338 4403 373 4473 dy
385 4403 474 4458 where
488 4405 562 4475 (lude
574 4403 668 4458 ludum
681 4402 768 4472 tuum)
783 4401 858 4454 Mab.
873 4403 898 4465 2,
912 4401 972 4451 383.
985 4400 1045 4450 384.
1059 4400 1120 4453 387.
1135 4415 1171 4469 ny
1189 4398 1274 4451 chaoa-

114 4481 169 4548 'ttss'
177 4485 284 4624 ιοείεἷοη
299 4487 365 4557 (non
377 4487 507 4544 ludebant
518 4488 605 4561 pueri)
619 4487 695 4542 Mab.
712 4490 736 4554 1,
750 4489 810 4540 242.

162 4580 223 4624 von.
255 4609 262 4623 .
1013 4577 1050 4632 10
