3242 5080
344 391 391 452 ΙΙ.
415 397 445 476 4.
492 409 592 454 enon.
608 401 755 454 uranus.
775 407 972 452 nsmrrvuu
989 408 1149 452 murum.
1267 388 1328 449 349

163 560 282 624 animm
299 557 475 642 (responsio
496 579 592 642 quam
612 557 754 642 accipitis
769 580 789 620 a
802 559 867 641 me)
885 553 928 620 91.
952 555 1078 620 ieiunos
1094 556 1173 619 irase
1187 554 1329 638 nodonfl-

163 664 350 748 managedar
366 666 428 746 (est
443 663 553 726 eadem
567 665 657 739 fides,
676 684 757 746 quae
771 683 830 725 nos
840 661 1010 746 justificat)
1029 665 1091 724 19¹.
1109 661 1169 724 1111
1180 662 1242 724 rein
1258 658 1328 723 ind·

155 769 325 854 forcillss'n
340 766 578 850 nopredcdimse
594 768 668 849 (hoc
684 778 732 830 est
745 766 932 850 mysterium
946 765 1117 842 doctrinae,
1133 787 1229 849 quam
1239 787 1329 848 prae·

165 875 249 956 dico)
273 870 338 936 281.
362 873 446 937 uitta
466 894 510 936 na
531 881 684 955 precepto
706 871 790 935 oe'tni
818 869 1013 952 ooprcdolod
1041 870 1112 933 doit
1140 872 1231 951 (sunt
1250 869 1329 933 haec

165 977 267 1061 prima
288 987 464 1062 praecepta,
483 998 564 1061 quae
583 975 769 1060 praedicabo
792 974 852 1056 eis)
871 971 934 1036 171.
967 976 1046 1038 Post
1067 975 1158 1038 intuo
1175 977 1329 1058 (tempore

165 1103 240 1167 quo,
257 1087 356 1165 cum),
374 1082 464 1145 amal
484 1079 707 1164 (similiudine
730 1101 803 1162 qua,
828 1083 879 1160 ut)
894 1088 955 1141 etc.
979 1079 1175 1162 postulantia
1196 1099 1328 1161 sequen-

5 1197 6 1200 ’
117 1275 121 1281 Δ
164 1199 229 1250 tem
243 1187 429 1251 relationem
443 1207 483 1250 ex
498 1187 608 1250 eadem
622 1185 735 1249 vocula
748 1183 910 1246 interdum
924 1183 991 1246 solo
1005 1205 1038 1260 n,
1055 1204 1085 1246 m
1101 1193 1244 1267 superest
1254 1195 1328 1246 ante

163 1292 299 1355 medias:
322 1313 385 1356 om.
409 1291 557 1375 squidem
578 1293 629 1372 (ut
650 1293 732 1370 orat)
753 1289 829 1352 Wb.
849 1283 913 1350 241.
944 1287 1035 1352 intuo
1057 1289 1137 1351 mim
1158 1291 1245 1370 (cum
1266 1295 1328 1370 est)

165 1397 221 1480 Sg.
244 1393 329 1458 1821.
352 1396 470 1459 clami
491 1395 589 1459 mteu
611 1416 646 1457 oc
666 1391 971 1476 minqraimmoimse
992 1393 1177 1475 (quamdiu
1197 1393 1328 1456 suntin

165 1500 383 1583 persecutione
401 1498 506 1580 meai)
523 1499 583 1562 Ml.
603 1503 667 1560 33⁸.

251 1603 422 1668 Genitivus
444 1603 569 1666 relativi
582 1602 708 1665 videtur
728 1599 819 1664 netad
837 1601 891 1682 (cf.
910 1601 1007 1678 οοὼΙι,
1025 1601 1141 1684 cujus),
1160 1603 1271 1666 obvius
1293 1603 1327 1664 in

166 1709 261 1772 Wb.:
287 1707 378 1772 odel
400 1707 507 1770 roicou
521 1707 605 1771 alass
621 1707 678 1790 (gl.
696 1705 949 1790 Epaphroditum
963 1705 1145 1769 ministrum
1160 1707 1327 1772 necessita·

166 1813 207 1876 tis
222 1833 327 1887 meae3
350 1811 372 1874 i.
390 1833 419 1874 e.
437 1810 528 1893 cujus
550 1811 678 1896 indigeo
698 1810 831 1892 auxilio)
849 1804 913 1871 291.
945 1811 1004 1873 Est
1019 1821 1125 1874 tamen
1140 1811 1241 1888 adela,
1259 1811 1328 1894 ejus

165 1917 221 2000 qui
236 1931 311 1993 etc„
325 1915 595 2000 comprehendens
611 1939 676 1980 una
691 1937 819 1979 sensum
833 1914 1030 1998 pronominis
1045 1916 1284 1979 demonstrativi
1296 1930 1328 1978 et

164 2021 299 2098 relativi,
324 2032 432 2105 aperte
454 2020 614 2104 genitivus
634 2042 727 2105 pron.
745 2019 822 2084 neci
843 2019 879 2082 in
900 2018 1044 2102 pluribus
1067 2020 1230 2103 exemplis,
1248 2041 1328 2102 quae

164 2137 336 2210 sequentur
350 2126 434 2190 infra
448 2125 531 2189 inter
546 2125 700 2208 adjectiva
713 2123 955 2208 pronominalis.

441 2353 488 2414 ΙΙ.
522 2353 705 2416 Pronomen
720 2351 887 2414 relativum
902 2349 1049 2416 infixum.

249 2543 294 2618 N,
311 2543 360 2618 M,
378 2540 455 2604 satis
477 2541 625 2623 frequens
640 2539 725 2604 inter
738 2539 986 2624 praepositiones
1001 2542 1066 2604 sive
1080 2526 1251 2625 particulas
1269 2553 1329 2606 ter-

164 2647 301 2710 minatas
316 2645 477 2708 vocalibus
492 2656 525 2707 et
539 2647 634 2708 verba
648 2644 834 2728 incipientia
849 2667 868 2708 a
882 2645 1042 2709 vocalibus
1055 2647 1104 2709 vel
1116 2647 1244 2710 mediis:
1262 2647 1327 2711 oin·

165 2753 225 2814 das
246 2749 390 2831 inchoirp
412 2748 576 2842 incedisset
591 2749 699 2832 (quale
719 2759 768 2812 est
787 2771 900 2833 corpus
920 2748 955 2812 in
976 2771 1038 2832 quo
1052 2762 1228 2834 resurgent,
1246 2773 1328 2814 mor·

165 2853 234 2917 tuii
257 2853 382 2936 ines.)
397 2855 473 2917 Wb.
495 2857 556 2915 13⁶.
580 2852 648 2917 ishe'
671 2853 718 2916 loc
740 2853 884 2917 inatreba
899 2857 962 2936 (est
975 2855 1028 2918 hio
1043 2855 1131 2918 locus
1146 2855 1181 2916 in
1196 2877 1259 2937 quo
1274 2856 1329 2918 lra-

164 2957 263 3032 bitat;
280 2957 425 3040 ἱ-π-αίν.)
442 2953 507 3020 271.
527 2959 586 3021 oni
597 2956 885 3040 duonaithqointar
902 2965 917 3020 7
935 2959 1214 3043 huominmm'pter
1229 2961 1275 3042 (id
1290 2962 1329 3024 de

165 3083 229 3144 quo
243 3062 442 3145 praedicatur
456 3073 489 3126 et
503 3083 522 3124 a
536 3083 600 3144 quo
615 3061 800 3125 nominatur
807 3085 817 3138 3
835 3062 1011 3146 duom-ai.)
1027 3064 1084 3146 Sg.
1100 3061 1164 3126 291.
1183 3065 1329 3148 inmagen

164 3167 314 3230 indentur
339 3165 485 3250 infilliud
506 3165 615 3246 (locus
641 3164 677 3227 in
702 3184 765 3247 quo
790 3167 828 3228 fit
853 3167 1041 3250 declinatio)
1064 3167 1164 3231 Prisc.
1189 3169 1242 3232 Cr.
1263 3173 1326 3231 631.
1426 3177 1427 3183 ’

163 3270 503 3354 huandirrudiqeddar
524 3269 584 3352 (gl.
601 3267 852 3352 primitivorum
876 3270 898 3333 i.
917 3293 946 3334 e.
963 3294 983 3335 a
1001 3272 1116 3355 quibus
1133 3273 1328 3354 derivantur)

163 3375 220 3458 Sg.
241 3379 304 3436 33¹.
328 3375 401 3439 caah
421 3373 548 3456 irm'pde
563 3373 725 3456 dmaqnes'd
737 3375 879 3456 (quaevis
894 3375 994 3440 oratio
1010 3397 1105 3458 quam
1119 3375 1235 3458 facitis)
1251 3378 1327 3440 Wb.

164 3485 206 3542 5⁶.
225 3479 290 3542 loco
304 3478 423 3542 imbitt's
432 3477 646 3560 primsocoirt
657 3477 715 3560 (gl.
730 3479 901 3543 sacrarium
909 3505 919 3555 ;
937 3481 959 3542 i.
974 3503 1002 3544 e.
1016 3481 1104 3544 locus
1119 3481 1154 3542 in
1166 3493 1330 3562 quoerant

162 3583 279 3648 summi
293 3584 483 3664 sacerdotes)
495 3581 571 3645 Wb.
590 3576 653 3643 101.
673 3581 720 3644 loo
731 3581 844 3647 imbiot
854 3605 946 3647 armo
957 3585 1016 3668 (gl.
1029 3585 1326 3660 armamentarium

161 3688 184 3751 i.
202 3709 230 3752 e.
249 3688 337 3752 locus
360 3688 396 3750 in
419 3708 482 3770 quo
497 3695 574 3748 srmt
588 3689 688 3769 mma)
706 3686 761 3769 Sg.
781 3693 845 3751 35¹.
868 3689 932 3753 inti
943 3688 1035 3752 imbii
1047 3688 1188 3770 inspirat
1201 3689 1272 3754 nait
1288 3691 1329 3772 (is

161 3792 197 3854 in
218 3814 282 3874 quo
296 3803 345 3855 est
360 3791 490 3875 spiritus
506 3792 650 3871 sanctus)
666 3791 742 3853 Wb.
760 3788 804 3853 81.
830 3792 972 3856 mailli
983 3792 1085 3856 limbi
1097 3815 1210 3857 concon
1226 3793 1275 3874 (in
1290 3793 1329 3854 iis

162 3895 197 3960 in
209 3897 325 3977 quibus
338 3907 387 3958 est
397 3897 550 3975 consona)
564 3894 620 3976 Sg.
638 3889 723 3955 1641.
742 3917 870 3979 ooopno.
885 3896 999 3973 domii,
1013 3896 1190 3960 incha'tnidi
1200 3897 1332 3959 huambs'

162 4003 196 4080 (a
217 4021 280 4082 quo
295 4003 369 4081 est),
387 4004 404 4062 ό
425 3997 502 4062 each
517 3999 597 4060 mod
609 3997 694 4060 dandi
710 4001 841 4084 condelq
857 4001 981 4083 (quovis
996 4001 1090 4062 modo
1105 4021 1168 4080 quo
1182 4009 1231 4062 cst
1245 4021 1328 4061 oom-

161 4102 309 4184 paratio),
326 4125 370 4166 no
391 4099 553 4184 conparis
573 4100 713 4164 cambiat
727 4104 946 4186 (comparativi
967 4103 1116 4185 aquibus
1131 4107 1233 4184 sunt),
1251 4101 1330 4166 inno

163 4205 227 4266 cre.
245 4205 420 4282 samosat,
438 4189 560 4269 ercam
575 4203 769 4268 nomento.
787 4207 931 4270 samosat
944 4205 1055 4288 (veru,
1073 4206 1167 4268 verba
1181 4227 1200 4269 a
1215 4205 1330 4288 quibus

163 4311 253 4389 sunt)
270 4309 326 4390 Sg.
347 4305 411 4370 321.
430 4315 495 4370 15·.
516 4313 599 4370 1491.
621 4305 705 4370 1921.
731 4307 810 4372 inno
830 4311 874 4372 trs'
891 4309 1083 4372 dombcrsom
1099 4307 1174 4391 (tria
1188 4330 1269 4390 quae
1283 4310 1330 4372 di-

165 4409 222 4492 cit)
239 4412 295 4493 Sg.
315 4414 400 4474 2911.
424 4411 739 4497 doarrotujdnteu
761 4413 911 4476 nombt'ad
931 4414 1041 4476 odrad
1061 4413 1112 4476 (Ιώ
1126 4412 1245 4496 lugenti
1258 4415 1332 4494 (erit
