3204 5084
545 1331 995 1438 PRAEFATIO.

683 1603 847 1616 ι-ιιι-ι-ισ-Ι-

283 1743 478 1868 Linguae,
501 1795 596 1867 quae
613 1773 712 1846 inter
735 1778 908 1864 cognatas
926 1769 1073 1866 linguas
1091 1773 1138 1844 ab
1157 1771 1267 1844 India
1282 1796 1349 1866 per

179 1894 311 1968 Asiam
337 1901 375 1968 et
399 1896 587 1989 Europam
612 1895 783 1970 dilatatas
808 1900 973 1966 extrema
997 1893 1117 1966 estin
1141 1894 1343 1978 occidente,

180 2020 370 2095 naturam,
409 2013 631 2098 varietatem,
649 2012 865 2103 'formasque
895 2033 915 2080 e
945 2007 1188 2084 fundamento
1218 2035 1348 2084 monu-

180 2138 390 2204 mentorum
415 2131 641 2206 exstantium
674 2135 903 2202 vetustorum
930 2151 1112 2221 exponere
1139 2131 1344 2224 aggredior.

182 2251 307 2343 Opera
322 2249 606 2341 perscrutandae
620 2247 777 2330 indicae,
797 2254 983 2320 extremae
1002 2247 1167 2341 ejusdem
1184 2245 1347 2322 familias

181 2365 336 2447 inAsia,
358 2387 432 2455 qua
445 2364 648 2458 plurimum
661 2365 754 2436 lucis
767 2365 979 2460 linguarum
999 2363 1165 2436 affinium
1183 2366 1348 2441 omnium

182 2483 356 2556 scientiae
375 2481 597 2572 addiderunt
614 2483 684 2557 viri
702 2483 812 2564 docti,
834 2482 866 2554 si
883 2481 1008 2577 magni
1021 2505 1165 2575 semper
1176 2481 1348 2558 habenda

181 2611 256 2682 est,
284 2623 359 2672 non
376 2599 481 2692 parvi
499 2600 611 2674 etiam
628 2601 699 2674 erit
716 2599 941 2674 aestimanda
963 2623 1075 2693 opera
1099 2624 1161 2682 ea,
1192 2621 1266 2691 qua
1282 2600 1348 2672 fiat

182 2714 338 2790 facultas
363 2716 584 2810 inspiciendi
606 2717 708 2812 leges
731 2716 882 2810 linguae
907 2715 1066 2790 nationis
1091 2715 1228 2788 fractae
1246 2716 1347 2791 illius

183 2834 334 2926 quidem
346 2833 426 2927 jam
450 2835 609 2917 dudum,
640 2837 705 2908 sed
730 2834 906 2909 latissime
930 2835 1115 2924 quondam
1139 2857 1206 2926 per
1231 2833 1348 2904 Euro-

182 2975 267 3044 pam
293 2951 473 3043 patentis,
503 2951 607 3046 cujus
633 2953 784 3045 linguae
810 2951 945 3022 rudera
968 2951 1051 3020 ideo
1072 2973 1146 3020 non
1164 2973 1245 3022 rara
1262 2962 1348 3024 srmt

178 3068 256 3160 jam
290 3091 313 3138 a
344 3067 497 3140 vetustis
528 3068 772 3161 temporibus,
817 3076 929 3159 atque
964 3066 1074 3138 hodie
1105 3089 1253 3158 quoque
1283 3091 1347 3138 ex-

182 3193 279 3256 stant
296 3184 337 3256 in
355 3183 436 3258 aliis
453 3169 718 3260 recentioribus
735 3185 886 3279 linguis.
917 3185 1002 3266 Qua
1015 3207 1126 3276 opera
1136 3184 1248 3256 etiam
1262 3187 1348 3259 rub-

181 3309 343 3374 struetur
359 3297 644 3378 fundamentum
659 3303 918 3377 vocabulorum
944 3301 1033 3375 moli
1050 3303 1188 3374 recenti
1206 3302 1266 3374 vel
1283 3305 1349 3376 ad·

180 3420 254 3491 huc
273 3419 460 3512 superstiti
478 3419 557 3514 ejus
570 3421 691 3514 gentis
704 3421 745 3492 in
764 3419 903 3513 linguis
917 3419 1115 3500 hodiernis,
1139 3418 1342 3504 hibernica,

180 3535 341 3630 gaelica‚
364 3537 567 3616 embrica,
590 3537 779 3612 armorica.

279 3651 686 3746 Inlinguasnationum
697 3655 877 3750 majorum
888 3655 1347 3747 vicinarum,gennanioae

182 3777 220 3842 et
231 3769 401 3852 slavicae,
413 3771 494 3864 jam
505 3772 726 3864 inquisitum
740 3796 818 3846 esse
831 3782 1057 3868 perscrutato
1073 3776 1203 3846 eodem
1215 3772 1348 3847 funda-

180 3896 305 3960 mento
314 3887 487 3960 historico
499 3898 831 3974 monumentorum,
841 3891 981 3967 nemini
994 3915 1108 3986 gnaro
1122 3891 1348 3964 eruditorum

179 4003 393 4076 recentioris
418 4008 549 4082 aetatis
569 4008 737 4080 laborum
754 4009 924 4103 ignotum
948 4017 1016 4082 est.
1063 4009 1219 4082 Nostrae
1237 4009 1348 4102 hujus

182 4129 369 4194 extremae
381 4122 422 4196 in
435 4125 624 4202 occidente
638 4125 788 4220 linguae
803 4133 1043 4198 monumenta
1056 4135 1201 4200 vetusta
1214 4125 1350 4218 scripta

182 4261 206 4308 a
221 4238 309 4312 viris
334 4239 536 4335 indigenis,
566 4244 709 4318 ratione
735 4269 810 4316 non
835 4244 964 4319 habita
980 4245 1172 4319 nominum
1189 4249 1349 4316 servato-

183 4377 264 4431 rum
282 4381 304 4428 a
321 4357 560 4450 scriptoribus
577 4363 856 4444 vetustioribus,
879 4361 1018 4456 graecis
1036 4369 1074 4432 et
1090 4359 1226 4442 latinis,
1249 4366 1350 4431 aeta-

185 4479 257 4570 tem
282 4477 435 4567 quidem
459 4503 534 4552 non
557 4481 747 4576 attingunt
771 4487 1092 4554 monumentorum
1119 4477 1349 4574 germanicae
