3218 5068
278 338 339 400 508
383 339 450 400 ΙΙΙ.
470 343 500 401 2.
532 359 635 402 vnnnr
650 357 849 402 nnrrannrcr
864 358 977 402 acrrvr
992 357 1150 402 rnurona
1165 357 1386 402 securorum.

276 507 450 570 structione
472 506 693 590 impersonali:
717 527 767 569 me
788 529 809 569 a
826 507 910 570 laeso
926 505 1131 588 (relinquam)
1148 511 1179 582 8,
1199 513 1229 568 7.
1253 527 1304 570 me
1318 527 1442 588 compro

276 611 406 693 (dicam)
426 618 475 687 18,
495 617 546 673 21.
572 633 615 697 ny
638 634 659 674 a
673 613 758 694 pedo
774 614 931 695 (petemus
954 614 1027 693 nos)
1045 617 1096 686 16,
1117 617 1147 672 9.
1172 633 1216 695 ny
1238 633 1259 673 a
1274 611 1360 694 caffo
1376 614 1443 692 (ca-

274 715 412 799 piemus)
430 721 481 792 32,
501 722 531 778 2.
556 715 609 778 niz
629 717 752 780 scaleam
768 719 840 800 (nos
861 738 899 780 ea
912 715 1092 798 audiemus)
1110 721 1162 792 74,
1181 719 1212 776 8.
1234 714 1300 802 huy
1315 738 1336 778 α
1347 715 1443 799 qualo

276 823 345 900 (vos
360 820 522 902 videbitis)
541 827 612 898 100,
632 827 660 884 8.

549 1129 791 1212 Tempora
833 1127 1160 1192 secundaria.

605 1336 796 1398 Praesens
818 1335 1108 1398 secundarium.

361 1542 452 1624 Sing.
473 1547 501 1603 1.
518 1561 602 1623 pers.
626 1541 753 1604 Cambr.
772 1541 849 1602 WN
869 1543 926 1622 (=
946 1539 1071 1603 hibern.
1090 1537 1149 1614 -a'n,
1168 1559 1255 1601 corn.
1273 1558 1348 1623 -ψι,
1366 1560 1441 1614 -en‚

276 1668 344 1728 -απ,
362 1667 475 1709 annor.
494 1649 571 1728 ea).
605 1643 820 1708 Indicativus:
847 1643 1045 1729 cedymdeitlr
1066 1641 1135 1728 yme‘
1155 1644 1215 1706 ced
1227 1643 1269 1727 es
1283 1643 1413 1728 minyas
1422 1665 1445 1705 a

272 1773 386 1835 gamon
401 1772 437 1814 or
453 1752 506 1836 ayt
517 1749 634 1831 (socius
649 1760 717 1812 erat
730 1748 823 1824 mihi,
838 1769 933 1830 quem
947 1749 1085 1812 maxime
1100 1749 1245 1810 amabam
1258 1747 1294 1810 in
1304 1747 1443 1826 mundo)

276 1856 364 1918 Mab.
385 1863 414 1931 1,
434 1861 485 1916 32.
508 1854 674 1918 walramo·
691 1861 751 1938 ayt
769 1861 944 1917 atwaeawn
965 1853 980 1917 ι’
998 1853 1069 1918 didi
1083 1854 1165 1934 (W.,
1184 1873 1251 1915 non
1272 1871 1443 1934 cognosce·

274 1958 349 2020 bam
363 1979 422 2040 ego
437 1962 481 2039 te)
501 1967 529 2036 1,
549 1965 600 2020 25.

361 2061 611 2144 eonjunctivus:
633 2063 737 2146 qosyn
758 2083 855 2126 aoruc
877 2063 918 2146 es
930 2061 1085 2148 ymipale
1098 2084 1120 2147 y
1134 2082 1283 2146 mynnum
1298 2067 1401 2144 oynet.
1421 2081 1443 2121 a

275 2167 424 2250 dywedat
442 2188 596 2252 aomcyum
618 2168 703 2232 {aaa
718 2190 767 2253 py
789 2189 858 2252 arjw
877 2189 925 2231 wr
944 2169 1063 2232 cedron.
1086 2165 1171 2251 aphy
1193 2165 1264 2229 bert
1285 2164 1441 2248 aqeabmoa
1472 2173 1480 2186 '

275 2273 438 2352 (quaerere
452 2272 556 2356 coepit
570 2294 610 2335 ex
624 2294 686 2348 me,
702 2293 764 2355 quo
775 2272 821 2334 ire
832 2272 957 2349 vellem,
971 2283 1004 2336 et
1014 2272 1117 2335 dicere
1128 2293 1197 2354 ego,
1212 2270 1269 2354 qui
1280 2270 1328 2334 vir
1338 2290 1443 2334 essem

275 2387 308 2438 et
322 2397 418 2458 quam
432 2399 498 2440 rem
514 2379 709 2460 quaererem)
725 2377 813 2438 Mab.
834 2383 863 2452 1,
885 2385 915 2440 7.

361 2482 610 2546 Conditionalis:
630 2482 691 2563 pei
711 2502 890 2565 aequpwn
911 2481 958 2544 mi
974 2482 1175 2567 cedywedwn
1198 2480 1240 2562 (si
1258 2479 1292 2543 id
1314 2479 1439 2555 scirem,

275 2585 424 2668 dicerem)
441 2589 530 2650 Mab.
550 2593 580 2662 2,
600 2591 673 2648 233.
690 2586 751 2668 pei
769 2587 917 2670 dywedat
932 2586 959 2649 a·
970 2587 1039 2670 ymr‘
1050 2609 1071 2670 y
1080 2585 1159 2668 path
1173 2609 1194 2648 a
1209 2583 1440 2670 ooynnasytti.

273 2689 402 2753 minnere
422 2713 443 2754 a
463 2693 625 2776 dywedwn
645 2715 667 2776 y
690 2689 789 2754 titdeu
808 2711 849 2773 yr
869 2690 964 2754 drona
979 2713 1123 2775 aonynny
1139 2689 1248 2754 dithcu
1263 2689 1305 2770 (si
1319 2688 1442 2752 diceres

276 2805 312 2858 tu
326 2795 407 2858 mihi
428 2818 495 2859 rem
510 2816 606 2877 quam
620 2795 820 2878 interrogabo
836 2805 879 2872 te,
897 2815 955 2878 ego
970 2795 1107 2859 dicerem
1120 2794 1180 2858 tibi
1194 2794 1229 2858 id
1242 2795 1328 2877 quod
1342 2793 1441 2858 inter·

274 2900 398 2982 rogabis
414 2906 478 2982 me)
495 2901 583 2964 Mab.
605 2907 634 2976 1,
654 2903 727 2963 237.

360 3006 457 3068 Corn.
475 3005 540 3068 YN
557 3004 606 3085 (in
627 3013 728 3087 praet.
752 3005 882 3068 secund.
901 3014 933 3067 et
953 3005 1049 3068 verbo
1068 3005 1268 3070 substantivo
1288 3005 1443 3088 leguntm

275 3107 372 3172 etiam
393 3109 631 3172 terminationes
647 3131 710 3186 en,
729 3113 811 3191 cn).
844 3108 1014 3172 Indicativi
1031 3110 1228 3194 exemplum:
1253 3133 1297 3195 ny
1310 3131 1442 3194 qowsyn

274 3233 318 3297 yn
340 3213 496 3296 wwolqow
511 3217 591 3294 (non
613 3215 763 3297 loquebar
784 3214 819 3276 in
838 3214 991 3297 tenebris)
1007 3215 1098 3278 Pasa.
1119 3222 1170 3292 79,
1188 3222 1220 3277 4.
1251 3215 1304 3276 Ad
1318 3213 1441 3296 signifi·

274 3318 414 3379 candum
425 3317 485 3380 hoc
497 3328 622 3402 tempus
634 3319 760 3402 saepius
772 3330 942 3382 occurrunt
950 3319 1068 3382 formae
1076 3319 1239 3402 praeteriti
1247 3319 1439 3382 secundarii.

358 3423 484 3484 Armor.
500 3423 562 3485 EN
573 3445 580 3484 :
598 3443 652 3485 ma
666 3424 776 3487 lauacro
790 3446 824 3486 ez
839 3444 954 3486 manen
969 3427 1041 3507 (ego
1057 3425 1143 3487 solus
1156 3425 1338 3506 manebam)
1350 3423 1438 3486 Buh.

278 3529 328 3602 12,
349 3529 400 3586 20.
421 3547 461 3588 ae
473 3527 581 3609 gallen
596 3548 670 3614 may
687 3531 765 3610 (non
780 3539 922 3611 poteram
938 3529 1089 3612 amplius)
1105 3535 1158 3604 12,
1178 3533 1230 3590 24.
1253 3537 1305 3592 ret
1318 3551 1354 3592 eo
1369 3551 1442 3592 mas

273 3629 440 3693 minoren
462 3633 555 3695 cusat
573 3635 710 3715 (rectum
730 3643 794 3708 est,
819 3643 857 3696 ut
876 3653 1001 3696 sumam
1022 3633 1274 3716 consilimn)20‚
1295 3641 1346 3696 17.
1369 3656 1441 3718 pan

270 3736 429 3819 yoazafen
446 3737 487 3819 (si
503 3737 681 3820 tolerarem)
698 3745 750 3814 10,
769 3745 799 3800 5.

360 3847 390 3904 2.
407 3863 490 3924 pers.
522 3843 650 3906 canor.
669 3843 729 3904 UT
745 3843 833 3923 (hod.
857 3843 918 3906 -ud
930 3843 981 3906 vel
1002 3841 1044 3905 -it
1062 3865 1102 3908 ex
1124 3843 1189 3925 i-t).
1221 3844 1439 3908 Indicativus:

273 3969 326 4012 am
349 3947 462 4030 aeneai
484 3946 613 4029 ohoaafi
627 3948 669 4031 dy
686 3946 741 4009 les.
761 3947 802 4010 lle
816 3970 875 4032 aye
890 3957 1007 4011 metrae
1020 3951 1062 4034 dy
1077 3948 1143 4013 laun
1159 3951 1213 4030 (ob
1228 3959 1442 4014 monstratum

272 4075 292 4115 a
307 4073 358 4114 me
380 4052 583 4114 commodum
600 4063 703 4128 tuum,
721 4053 807 4134 quod
822 4063 857 4116 tu
873 4052 940 4136 ipse
955 4075 1021 4116 non
1036 4053 1211 4137 cogitabas)
1227 4055 1316 4118 Mab.
1337 4063 1367 4131 1,
1387 4063 1439 4117 19.

359 4155 607 4238 conjunctivus:
623 4157 770 4242 qudwn
784 4157 884 4240 ydoat
894 4157 983 4243 tr'ym
994 4157 1130 4222 kemsaw
1142 4159 1294 4240 (sciebam
1307 4161 1392 4242 quod
1405 4170 1442 4223 tu

272 4261 395 4326 venires
412 4281 464 4324 me
479 4260 672 4343 quaesitum)
689 4262 778 4325 Mab.
799 4267 828 4337 1,
847 4265 899 4324 25.

358 4363 608 4429 conditionalis:
629 4365 691 4448 pei
713 4367 809 4431 rodat
835 4367 861 4430 a·
884 4367 927 4452 dy
952 4377 1026 4451 grat
1051 4389 1174 4454 nyqaru
1204 4369 1219 4432 ι’
1244 4393 1289 4456 yn
1310 4369 1448 4456 escylus
