3204 5084
245 423 288 480 IV
726 438 924 483 crasmaro.

247 590 415 684 linguae,
446 589 705 684 incipientium
722 615 745 661 a
762 591 906 662 saeculo
924 598 1075 683 quarto,
1097 599 1273 685 superant
1290 603 1416 666 tamen

246 708 348 779 haud
375 708 488 779 dubie
523 715 682 780 aetatem
712 717 1033 783 monumentorum
1064 709 1221 780 slavicae
1247 709 1411 805 linguae.

247 825 439 920 Ejusmodi
456 849 503 896 ex
521 827 767 926 monumentis
786 833 1013 899 exstructum
1031 835 1086 900 est
1103 829 1173 898 hoc
1191 851 1296 921 opus.

349 943 404 1014 Ut
420 943 570 1040 linguae
584 945 776 1016 nationum
793 942 1043 1036 frequentium
1061 953 1099 1017 et
1115 946 1190 1018 late
1207 945 1415 1040 patentium

246 1061 391 1133 variant
400 1059 681 1134 formationibus
694 1071 732 1134 et
744 1063 922 1146 dialectis,
936 1063 989 1134 ita
1000 1063 1112 1135 etiam
1125 1062 1254 1158 lingua
1268 1063 1410 1148 celtica,

246 1189 289 1251 ut
303 1179 546 1251 communiter
560 1180 695 1251 dicitur
709 1189 874 1252 extrema
881 1182 973 1252 haec
988 1182 1028 1253 in
1041 1181 1242 1263 occidente,
1257 1181 1415 1253 varieta-

247 1305 323 1368 tem
337 1321 440 1368 suam
453 1297 633 1390 explicuit
639 1297 719 1392 jam
728 1301 774 1370 ab
789 1299 951 1390 antiquis
964 1299 1202 1393 temporibus.
1232 1301 1339 1380 Quae
1351 1325 1415 1372 va-

247 1415 357 1486 setas
366 1414 513 1508 cognita
524 1415 662 1509 estjam
671 1413 818 1486 caesari
828 1415 966 1486 arcens
978 1415 1035 1510 (Β.
1048 1416 1137 1510 gau.
1152 1398 1185 1499 i,
1201 1417 1248 1510 1),
1262 1417 1408 1514 seua,

247 1533 467 1625 Aquitanos,
485 1531 609 1602 Celtas
625 1532 686 1603 vel
694 1531 822 1604 Gallos
840 1535 981 1628 lingua,
995 1533 1186 1619 institutis,
1200 1535 1344 1630 legibus
1356 1536 1415 1607 in-

248 1661 303 1723 ter
317 1673 355 1722 se
364 1649 523 1734 differre,
539 1659 577 1721 et
589 1650 721 1721 melius
732 1651 903 1722 Straboni
915 1651 992 1745 (lib.
1005 1653 1041 1733 4,
1052 1676 1091 1744 p.
1108 1651 1204 1748 176),
1219 1654 1284 1745 qui
1293 1653 1415 1745 Aqui-

247 1777 351 1840 tanos
375 1766 524 1838 omnino
550 1765 716 1840 diversos
736 1793 758 1839 a
775 1769 894 1840 Gallis
920 1777 958 1839 et
982 1770 1274 1842 adnumerandos
1297 1771 1416 1842 Iberi-

247 1888 328 1970 bus,
359 1885 488 1956 Gallos
505 1892 630 1956 autem
656 1885 753 1978 ipsos
774 1885 930 1978 paulum
949 1885 1079 1981 lingua
1102 1888 1248 1960 differre
1276 1887 1414 1984 (μικρὸν

248 2003 554 2102 παραλλάττοντας
576 2010 655 2081 ταῖς
678 2001 857 2098 γλώτταις)
888 2003 1058 2076 affirmat.
1105 2003 1176 2076 Cui
1202 2005 1232 2076 si
1250 2007 1409 2098 additur,

247 2123 347 2215 quod
365 2120 492 2192 asserit
509 2119 659 2191 Tacitus
680 2119 819 2215 (Agris.
847 2119 923 2216 11),
952 2121 1146 2193 Gallorum
1164 2131 1202 2194 et
1219 2123 1416 2196 Britanno-

247 2265 330 2312 rum
343 2261 547 2311 sermonem
564 2239 666 2310 haud
683 2237 843 2310 multum
861 2238 1063 2323 diversum,
1092 2247 1312 2321 statuemus,
1335 2241 1415 2312 dia-

247 2358 427 2430 lectorum
444 2356 659 2428 varietatem
677 2355 840 2448 aliquam
858 2357 1041 2429 exstitisse
1059 2357 1210 2450 quidem
1227 2359 1268 2429 in
1286 2358 1415 2453 lingua

248 2475 437 2548 Celtarum
458 2473 663 2570 (Gallorum
681 2476 727 2545 ab
741 2475 959 2546 occidentali
974 2475 1146 2567 Sequana
1163 2483 1201 2546 et
1211 2478 1409 2570 Matrona),

247 2592 448 2688 Belgarum
477 2591 535 2686 (ab
553 2591 693 2663 oriente
710 2594 911 2664 eorundem
928 2593 1135 2688 fluminum)
1165 2603 1203 2665 et
1220 2594 1439 2666 Britanno--

247 2734 342 2794 rum,
371 2733 446 2781 non
464 2717 589 2782 tamen
614 2717 774 2794 tantam,
803 2719 847 2781 ut
870 2711 967 2782 inter
984 2711 1050 2782 hos
1067 2711 1222 2805 populos
1240 2713 1416 2784 sermonis

248 2828 507 2902 commercium
525 2850 694 2899 essenon
708 2827 883 2922 potuerit.
919 2827 978 2898 Ex
991 2851 1036 2898 ea
1049 2836 1170 2900 aetate
1182 2837 1324 2900 servata
1336 2853 1413 2901 esse

247 2948 399 3020 nomina
415 2946 562 3042 gallica,
583 2945 740 3040 belgica,
763 2945 972 3016 britannica
985 2946 1159 3030 virorum,
1179 2948 1410 3041 oppidorum,

248 3065 456 3148 fluviorum
478 3063 690 3158 plantarum
707 3071 746 3134 et
762 3087 881 3155 pauca
898 3063 1010 3134 etiam
1027 3064 1207 3135 vocabula
1223 3090 1246 3135 a
1263 3065 1416 3159 scripto-

247 3183 350 3254 ribus
367 3181 506 3276 graecis
524 3187 562 3252 et
578 3178 721 3260 latinis,
751 3179 891 3250 nemini
908 3181 1100 3253 vetustatis
1118 3205 1232 3275 gnaro
1249 3183 1417 3277 incogni-

248 3309 329 3372 tum
351 3309 419 3371 est.
466 3297 526 3368 Ex
552 3297 598 3368 iis
620 3294 835 3368 varietatem
867 3296 1017 3394 linguae
1053 3299 1279 3394 deprehendi
1308 3323 1415 3395 posse

247 3439 355 3490 nemo
373 3416 547 3512 sperabit.

350 3535 579 3608 Varietatem
602 3532 712 3626 longe
736 3531 912 3628 majorem
940 3543 1179 3608 monumenta
1206 3535 1342 3630 scripta
1368 3539 1416 3608 ab

248 3653 432 3748 indigenis
465 3653 576 3726 totius
600 3649 740 3746 gentiS,
785 3675 808 3721 a
836 3653 923 3724 viris
952 3677 1027 3725 non
1052 3654 1170 3726 solum
1199 3654 1416 3726 britannicis

248 3769 442 3841 sedetiam
460 3768 679 3851 hibernicis,
708 3773 949 3863 comprobant
971 3771 1058 3843 inde
1085 3797 1107 3843 a
1124 3772 1269 3843 saeculo
1287 3779 1416 3844 octavo

247 3887 307 3960 vel
324 3913 434 3960 nono.
482 3887 588 3959 Libri
613 3886 832 3971 britannici,
863 3899 940 3960 tam
963 3889 1138 3960 cambrici
1161 3913 1273 3981 quam
1298 3913 1417 3961 armo-

246 4005 333 4090 rici,
357 4005 438 4102 jam
456 4030 499 4077 eo
518 4014 681 4098 tempore
699 4005 874 4088 insonis,
901 4007 968 4098 qui
985 4015 1194 4101 congruunt
1216 4031 1302 4078 cum
1319 4007 1417 4079 sonis

247 4125 438 4196 nominum
465 4123 755 4196 britannicorum
779 4123 1020 4195 vetustiorum
1039 4131 1077 4194 et
1094 4125 1332 4220 gallicorum,
1361 4133 1418 4197 at-

192 4255 196 4262 ·
247 4263 320 4333 que
344 4241 534 4315 informis
556 4241 804 4338 grammaticis
829 4249 970 4314 tantam
995 4241 1241 4318 differentiam
1264 4267 1353 4338 prae
1377 4267 1417 4315 se

245 4357 372 4432 ferunt
397 4385 419 4432 a
446 4361 543 4434 sonis
571 4368 609 4431 et
633 4356 759 4431 formis
785 4360 1003 4454 scriptorum
1027 4362 1302 4434 hibernioorum
1320 4361 1418 4458 ejus-

244 4477 328 4549 dem
348 4479 538 4574 temporis,
560 4487 604 4550 ut
620 4477 724 4550 nullo
751 4479 860 4548 modo
884 4479 996 4551 statui
1018 4481 1132 4574 possit
1155 4480 1252 4551 inter
1269 4480 1418 4552 Britan-
