3218 5068
192 391 259 454 ΙΙΙ.
277 395 306 454 2.
334 413 436 457 vnum
454 412 1203 462 sn1ru1vmcrsorrvrcoururcr.nrliranum.
1251 401 1312 461 515

567 641 888 726 conjunctivus.

233 823 481 910 conjunctivum
501 826 675 910 praesentis
695 823 824 910 linguae
846 825 1026 890 hibernicae
1048 829 1189 892 vocalia
1210 831 1309 894 domi·

148 941 245 996 nante
273 953 330 1014 per
356 951 562 1014 personarum
583 930 735 995 flexiones
756 930 943 994 distinctum
965 931 1004 995 ab
1026 931 1096 996 aliis
1116 935 1309 1018 temporibus

148 1039 194 1122 (p.
214 1039 290 1119 455)
305 1058 371 1100 non
386 1036 533 1119 ignotum
548 1033 644 1098 fuisse
659 1036 755 1098 etiam
768 1035 965 1098 britannicae
979 1035 1119 1119 linguae,
1134 1039 1241 1123 colligi
1255 1063 1310 1123 po·

148 1141 222 1205 terit
243 1163 261 1204 e
275 1141 490 1226 paradigmate
505 1139 592 1204 verbi
607 1139 725 1204 cornici
740 1141 826 1224 apud
841 1141 942 1224 Pryce
958 1141 1179 1226 (Archaeolog.
1197 1167 1309 1209 cornu·

146 1243 221 1310 brit.
238 1268 271 1330 p.
290 1248 364 1328 11);
389 1245 481 1328 Sing.
502 1251 531 1306 1.
555 1243 623 1307 mai
635 1243 775 1308 hoellum
791 1247 843 1326 (ut
857 1244 982 1308 videam
988 1270 997 1320 ;
1023 1246 1045 1309 Ιι
1060 1269 1112 1332 eq
1126 1259 1199 1332 post
1213 1251 1310 1334 parti·

147 1351 253 1414 culam
273 1349 350 1428 mai,
368 1373 401 1432 p.
419 1353 507 1433 219),
527 1353 556 1411 2.
574 1349 644 1413 mci
660 1349 797 1426 duellaz,
818 1355 847 1412 3.
865 1349 933 1411 mai
945 1347 1061 1413 duello.
1072 1349 1074 1352 ’
1087 1353 1177 1416 Plur.
1199 1362 1227 1416 1.
1245 1356 1313 1418 mai

28 1471 33 1478 ·
148 1451 276 1518 duellam
292 1455 343 1536 (ut
357 1454 546 1536 videamus),
567 1459 596 1516 2.
614 1455 683 1518 mai
695 1453 833 1529 duellet,
853 1459 883 1515 3.
901 1453 969 1516 mai
981 1453 1139 1520 duellam.
1172 1459 1236 1522 Sed
1251 1459 1310 1522 hu·

144 1557 285 1644 jusmodi
306 1557 437 1622 unicum
459 1571 586 1623 tantum
607 1557 768 1644 vetustius·
779 1557 961 1640 exemplum
975 1557 1055 1620 mihi
1070 1559 1198 1624 obvium
1213 1563 1310 1626 estin

148 1663 258 1727 Pasa:
284 1685 348 1726 mes
370 1685 462 1727 maro
474 1663 576 1746 pethe
599 1663 685 1748 dapis
697 1685 815 1748 qansy
834 1663 973 1726 dus'nan
988 1662 1099 1747 caffun
1113 1687 1156 1750 ny
1173 1665 1268 1745 (foras
1284 1667 1311 1730 si

148 1767 244 1830 fucrit
266 1767 401 1844 ablatus,
418 1767 464 1830 ita
484 1779 522 1830 ut
536 1791 610 1832 eum
624 1790 690 1831 non
705 1767 904 1830 inveniamus
919 1771 991 1850 nos)
1009 1773 1082 1844 240,
1101 1776 1131 1832 3.
1163 1771 1310 1834 Obtinet·

147 1894 209 1955 que
230 1894 251 1933 a
273 1881 400 1934 tantum
414 1871 449 1934 in
464 1873 606 1955 personis
621 1872 703 1954 sing.
724 1879 752 1934 1.
771 1881 803 1934 et
819 1877 863 1949 2.,
881 1871 965 1954 plur.
987 1879 1015 1934 1.
1034 1883 1065 1935 et
1082 1879 1126 1951 3.,
1144 1873 1179 1937 in
1195 1875 1310 1957 quibus

147 1975 297 2038 armorice
313 1975 381 2059 ejus
396 1977 502 2040 locum
516 1989 651 2062 occupat
665 1977 681 2040 i
692 1977 866 2040 flexionum
880 1975 992 2054 bituri,
1008 1978 1086 2040 dum
1100 2001 1174 2042 cum
1186 1981 1311 2045 cornice

149 2087 178 2142 3.
193 2103 275 2165 pers.
293 2081 375 2164 sing.
395 2105 436 2158 -o,
453 2087 483 2145 2.
497 2105 580 2168 pcrs.
595 2083 678 2166 plur.
697 2081 750 2146 -oh
766 2081 1022 2166 (τι-0915111)
1038 2086 1231 2149 concordant
1245 2097 1311 2150 tam

146 2185 319 2250 cambricae
341 2187 579 2254 terminationes
601 2188 636 2250 in
656 2187 809 2272 exemplis
832 2185 1011 2249 memoratis
1034 2209 1078 2250 no
1099 2189 1232 2274 dywetto
1255 2193 1309 2272 (ne

146 2291 255 2374 dicat),
278 2292 348 2355 mal
369 2315 391 2375 y
417 2291 552 2357 crettoclr
575 2295 625 2374 (ut
647 2291 808 2372 credatis),
833 2311 930 2373 quam
951 2291 1120 2354 armoricae
1138 2294 1309 2359 hodiernae

145 2395 228 2478 sing.
245 2418 286 2471 -o,
301 2395 384 2477 plur.
400 2403 455 2459 -ot
480 2397 631 2458 Attamen
647 2417 712 2457 non
728 2395 831 2457 solum
847 2394 929 2478 sing.
944 2416 986 2470 -o,
1001 2393 1166 2458 sedetiam
1180 2403 1209 2458 3.
1223 2417 1306 2480 pers.

145 2500 229 2582 plur.
248 2507 317 2561 -ont
329 2499 361 2580 (e
381 2498 489 2561 futuro
508 2501 639 2562 secund.
663 2497 810 2561 residua?
830 2497 906 2562 hod.
925 2495 1004 2580 -iao
1020 2497 1137 2580 legitur
1151 2498 1186 2561 in
1200 2501 1304 2564 Buh.:

145 2603 202 2666 doe
224 2624 299 2665 roan
323 2602 365 2665 tir·
385 2625 406 2664 a
426 2601 507 2665 miro
523 2603 571 2667 dit
586 2611 637 2666 tra
651 2603 748 2668 dedro
763 2624 806 2666 aa
820 2621 916 2664 noceo
931 2609 1005 2684 quet
1018 2601 1110 2682 (deus
1125 2623 1181 2664 rex
1195 2605 1309 2668 mundi

144 2705 313 2782 custodiat,
331 2726 372 2768 ne
395 2705 454 2769 tibi
467 2707 551 2770 mala
564 2729 615 2771 res
628 2717 742 2770 noceat
756 2705 889 2789 aliquid)
907 2711 938 2782 6,
957 2711 1008 2767 26.
1031 2727 1066 2767 ez
1081 2705 1133 2768 dle
1146 2706 1251 2772 sieoar
1265 2729 1308 2773 an

137 2831 282 2895 peuryen
298 2809 359 2892 dep
373 2810 524 2896 dunipast
534 2821 630 2895 prout
643 2835 679 2875 oz
694 2835 736 2876 aa
751 2834 786 2875 re
801 2810 938 2895 oreffno
952 2808 1111 2894 deeraffom
1124 2833 1167 2873 aa
1181 2813 1306 2896 noscat·

144 2913 211 2977 lona
226 2915 343 2996 (debet,
357 2915 469 2998 judex,
488 2915 601 3000 juvare
615 2937 769 3001 pauperes
784 2937 850 2979 non
866 2915 980 2980 timens
996 2913 1126 2977 omnino
1141 2915 1248 2994 sortes,
1264 2939 1306 2980 ne

143 3039 196 3082 eos
211 3017 371 3102 decipiant
385 3019 435 3082 vel
450 3041 503 3082 eos
518 3021 710 3106 deprimant)
730 3027 801 3096 154,
821 3025 840 3082 2
856 3041 903 3102 sq.

580 3219 874 3302 Imperativus

228 3385 454 3469 Frequentiora
467 3399 544 3452 sunt
558 3386 703 3469 exempla
718 3387 874 3452 secundae
889 3397 921 3450 et
938 3386 1049 3452 tertiae
1062 3407 1230 3470 personae,
1254 3409 1302 3450 ra·

139 3489 223 3556 riora
237 3502 422 3559 ceterarum.

227 3599 257 3658 2.
275 3617 359 3679 pers.
392 3595 557 3662 Cambrica
577 3595 688 3679 lingua
707 3607 764 3664 aut
784 3596 922 3660 radicem
936 3593 1023 3660 verbi
1037 3595 1157 3660 nudam
1171 3595 1300 3680 profert,

139 3711 198 3766 aut
216 3701 340 3768 vocales
361 3701 451 3768 addit
471 3723 538 3777 a,e
560 3711 592 3766 et
612 3699 635 3764 ι’.
669 3700 756 3764 Illud
777 3699 847 3766 fieri
867 3699 947 3762 solet
967 3699 1002 3768 in
1017 3699 1120 3762 verbis
1134 3699 1302 3783 primitivis

138 3805 346 3888 simplicibus,
361 3806 421 3874 hoo
436 3805 472 3873 'm
482 3804 726 3874 denominativis
738 3815 771 3867 et
781 3803 940 3870 derivatis.
966 3803 1117 3886 Sequitur
1128 3824 1303 3886 pronomen

139 3911 296 3994 amplians
312 3911 484 3974 interdum.

225 4013 356 4082 Radicis
369 4015 476 4080 nudae
490 4013 712 4104 imperativus:
732 4011 781 4076 tal
791 4034 814 4096 y
827 4011 982 4098 pantanu
997 4009 1108 4094 (solve,
1123 4030 1217 4075 narra
1230 4031 1302 4074 nar·

137 4117 307 4200 rationem)
323 4119 411 4186 Mab.
434 4126 468 4196 l,
488 4124 518 4182 2.
541 4119 652 4203 tamer
672 4119 802 4198 (sume),
821 4136 888 4196 pur·
908 4115 986 4198 (fiac)
1001 4115 1091 4178 Mab.
1109 4119 1145 4192 2,
1165 4119 1216 4178 25.
1240 4123 1302 4182 toro

137 4221 261 4288 bellach
277 4224 360 4304 (tace
381 4227 488 4306 porro)
503 4225 591 4288 Meb.
612 4227 644 4298 2,
662 4227 714 4284 39.
738 4228 800 4286 turo
819 4218 877 4284 ket
897 4243 919 4304 y
941 4217 1204 4282 marchamedos
1226 4220 1301 4284 dra·

137 4327 255 4412 chffyn
276 4347 317 4411 yr
341 4325 413 4411 llys.
431 4349 470 4392 eo
491 4327 569 4392 arob
590 4349 611 4411 y
630 4325 760 4409 qaangs
773 4347 795 4408 y
817 4323 932 4390 arthur
949 4323 1047 4407 dyuot
1061 4343 1099 4386 ae
1114 4323 1156 4408 ef
1164 4343 1203 4386 ae
1216 4323 1306 4388 arall

139 4433 234 4511 (tace,
253 4431 359 4514 inquit
380 4453 488 4512 eques,
506 4431 573 4494 redi
590 4431 625 4492 in
640 4430 747 4492 aulam
768 4439 800 4489 et
821 4428 938 4490 munda
953 4449 971 4490 a
985 4447 1037 4490 me
1050 4426 1185 4492 arthuri
1201 4438 1237 4490 ut
1251 4449 1303 4490 ve·
1340 4446 1345 4457 ·

1029 4525 1092 4588 33*
1166 4567 1171 4574 ·
