3204 5084
267 405 326 462 XX
757 415 956 460 enarrarre.

270 574 419 666 Europa
437 571 516 642 sine
530 569 643 641 dubio
656 569 800 642 celebre
819 593 955 642 nomen
968 569 1162 644 obtinebit.
1203 571 1306 644 Sacc.
1322 572 1437 644 VIII.

269 693 424 764 membr.
445 687 530 761 folff’

371 809 477 890 Quae
488 832 509 879 e
522 808 676 880 vetustis
692 807 904 881 monasterii
921 806 1024 878 libris
1041 805 1185 900 prolata
1201 815 1288 880 sunt
1306 811 1352 881 de
1366 833 1441 883 uno

270 929 394 1002 codice
409 926 600 1009 Prisciani,
629 949 713 998 oum
731 951 806 1000 non
824 928 1006 1020 quadrent
1022 926 1094 998 nisi
1111 926 1152 998 in
1168 927 1345 1021 priorem.
1375 953 1443 1000 no-

270 1056 343 1120 ster
361 1048 477 1118 codex
494 1045 670 1128 scoticus,
705 1045 767 1117 hic
785 1045 930 1117 saeculo
948 1053 1075 1116 octavo
1094 1045 1343 1140 adjudicatus,
1375 1048 1442 1119 ubi

270 1167 317 1238 sit
341 1173 530 1248 exaratus,
561 1187 635 1255 quo
661 1172 844 1258 tempore,
875 1164 1057 1255 quomodo
1080 1162 1178 1234 viam
1201 1163 1384 1237 invenerit
1401 1165 1442 1238 in

270 1283 532 1355 monasterium
550 1281 678 1354 Sancti
695 1282 815 1359 Galli,
846 1284 980 1352 desunt
1003 1281 1158 1354 certiora
1180 1281 1319 1355 indicia
1333 1289 1443 1378 prae-

270 1411 325 1474 ter
343 1426 387 1474 ea
405 1425 500 1493 quae
518 1425 628 1495 supra
645 1411 732 1472 sunt
749 1407 961 1470 memorata.

371 1522 408 1592 2.
448 1519 576 1591 Codex
599 1519 779 1590 Paulinus
798 1511 1049 1592 bibliothecae
1074 1543 1175 1590 nunc
1192 1519 1441 1594 universitatis

269 1637 582 1732 Wirziburgensis
606 1635 811 1732 (distinctus
830 1646 917 1708 nota
930 1639 986 1708 M.
1004 1637 1058 1707 th.
1080 1635 1108 1708 f.
1129 1637 1188 1718 12,
1207 1639 1301 1739 mihi
1312 1640 1435 1736 Wb.),

269 1760 456 1851 quondam
480 1754 654 1827 ecclesiae
677 1755 913 1852 cathedralis,
942 1753 1113 1849 epistolas
1129 1755 1305 1830 Paulines
1323 1760 1441 1830 conti-

269 1901 378 1959 nens,
414 1874 480 1967 qui
506 1874 660 1944 eandem
684 1872 887 1966 glossarum
910 1874 1072 1968 copiam,
1108 1874 1221 1947 immo
1246 1877 1436 1972 majorem,

270 2019 382 2087 quam
395 1995 510 2065 codex
521 1993 601 2088 Sg,
615 1989 733 2063 offert.
762 1990 940 2070 Quamvis
951 1992 1124 2064 volumen
1142 1993 1221 2089 ejus
1234 1995 1435 2080 estminus,

269 2121 357 2188 sunt
372 2111 567 2205 ampliores
582 2118 705 2182 tamen
720 2108 860 2204 glossae
874 2111 987 2204 ipsae,
1002 2113 1049 2184 ad
1060 2112 1177 2184 instar
1188 2115 1441 2186 commentarii

269 2231 436 2304 continui
451 2239 594 2302 textum
608 2229 824 2300 comitantes
835 2239 873 2301 et
884 2230 1007 2303 minus
1019 2231 1183 2327 singulas
1196 2255 1301 2304 voces
1314 2232 1441 2327 singu-

269 2353 315 2424 lis
330 2349 498 2430 vocibus,
522 2349 621 2442 quod
639 2345 868 2439 frequentius
883 2349 926 2420 fit
943 2349 984 2420 in
1003 2349 1083 2445 sg„
1106 2374 1219 2443 quam
1236 2375 1384 2422 sensum
1402 2359 1441 2423 et

269 2494 408 2542 nexum
435 2477 559 2541 textus
577 2465 728 2537 Paulini
755 2467 947 2538 sententiis
970 2467 1170 2540 hibernicis
1195 2469 1441 2563 interpretan-

269 2599 336 2661 tes.
381 2588 477 2659 Sunt
503 2586 614 2657 etiam
632 2607 748 2676 aeque
765 2581 842 2656 iere
860 2586 1026 2680 copiosae
1046 2587 1282 2660 intermixtae
1299 2588 1441 2683 glossae

268 2730 368 2779 mere
383 2705 534 2779 latinae.
566 2700 738 2775 Refertus
756 2711 812 2775 est
828 2705 944 2775 codex
961 2705 1141 2800 ejusmodi
1159 2707 1287 2802 glossis
1304 2709 1351 2778 ab
1368 2707 1441 2778 ini-

268 2825 320 2897 tio
338 2847 464 2918 usque
491 2825 538 2894 ad
560 2822 691 2905 finem,
723 2823 771 2892 ad
797 2817 928 2894 folium
952 2824 1287 2917 antepenultimum
1310 2825 1369 2898 vel
1393 2827 1441 2897 ad

268 2943 477 3016 columnam
496 2943 557 3014 34¹
571 2941 700 3036 (usque
718 2941 766 3012 ad
776 2940 896 3012 Hebr.
917 2942 952 3024 7,
976 2941 1024 3037 9),
1053 2967 1076 3013 a
1089 2967 1202 3014 manu
1220 2951 1390 3016 accurata
1403 2951 1442 3014 et

268 3063 458 3159 diligente,
481 3061 587 3156 cujus
604 3061 736 3131 ductus
751 3059 917 3150 quamvis
931 3068 1018 3132 sunt
1032 3061 1248 3146 tenuissimi,
1268 3061 1374 3134 valde
1392 3062 1442 3133 ai-

268 3179 348 3251 mul
365 3178 464 3249 acirti
483 3186 521 3248 et
543 3176 728 3270 perspicui
751 3183 855 3258 sunt,
887 3200 1004 3270 usque
1028 3180 1075 3250 ad
1092 3176 1223 3252 solium
1243 3180 1289 3251 32
1314 3187 1352 3251 et
1375 3203 1441 3274 per

268 3299 348 3394 ejus
365 3293 446 3368 folii
463 3293 672 3366 columnam
690 3301 859 3385 quartam
878 3293 986 3393 (32⁶),
1014 3320 1126 3389 quam
1143 3299 1310 3390 sequitur
1326 3297 1442 3369 altera

268 3439 400 3488 manus
424 3413 577 3486 crassior
601 3419 640 3483 et
665 3411 821 3505 amplior
845 3413 886 3485 in
903 3415 1058 3488 residuis
1075 3417 1268 3488 columnis.
1304 3417 1441 3488 Manus

269 3535 379 3607 tertia
402 3533 515 3606 etiam
538 3531 579 3602 in
603 3531 674 3601 hoc
702 3530 838 3615 codice,
871 3533 978 3605 utin
1004 3535 1091 3631 Sg.‚
1121 3535 1436 3618 animadvertitur,

269 3678 364 3747 quae
382 3653 443 3724 hic
460 3651 538 3723 illio
555 3673 621 3744 per
645 3655 763 3720 totum
787 3648 925 3724 librum
944 3653 1113 3726 voculam
1132 3654 1360 3726 hibernicam
1377 3654 1442 3724 ad-

268 3771 424 3866 scripsit.
471 3771 598 3862 Atque
616 3767 678 3838 hio
696 3769 812 3840 codex
829 3769 860 3841 is
878 3778 945 3854 est,
967 3771 1073 3867 cujus
1090 3773 1259 3845 meminit
1276 3771 1443 3843 Eckhar-

269 3898 328 3962 tus
345 3890 386 3962 in
400 3887 680 3961 Commentariis
698 3888 869 3960 derebus
886 3889 1063 3962 Franciae
1080 3891 1268 3963 orientalis
1276 3890 1333 3986 tl,
1349 3891 1437 3962 272.

268 4009 357 4081 452.
382 4007 482 4105 847),
516 4032 563 4080 ex
590 4030 663 4100 quo
687 4003 799 4076 etiam
825 4007 1006 4097 quaedam
1030 4009 1232 4104 excerpsit,
1263 4011 1327 4082 sed
1350 4006 1443 4080 falso

267 4127 416 4221 passim.
448 4127 527 4199 Nec
541 4127 692 4212 minum
716 4147 893 4218 magnum
911 4125 1011 4197 enim
1029 4136 1124 4200 esset
1140 4127 1307 4223 praedito
1324 4125 1442 4200 oculis

268 4245 390 4318 minus
409 4245 545 4329 acutis,
567 4244 719 4338 insuper
735 4243 865 4337 ignaro
882 4241 1049 4338 linguae,
1072 4245 1336 4319 minutissimas
1353 4245 1442 4318 istas

267 4361 403 4446 literas,
425 4363 582 4458 pallidas
599 4363 744 4456 saepius
761 4361 966 4456 marginem
983 4387 1124 4449 versus,
1153 4387 1310 4457 quarum
1329 4385 1444 4455 quae-

269 4482 353 4552 dam
374 4481 420 4576 (e.
442 4505 497 4574 gr.
520 4507 556 4562 a,
579 4507 610 4564 r,
632 4481 662 4576 s)
682 4479 752 4551 sibi
771 4477 876 4550 valde
894 4479 1032 4554 similes
1049 4491 1247 4577 apparent,
1271 4489 1369 4554 recte
1387 4479 1442 4554 le-
