3204 5084
627 435 824 482 rasessrro.
1230 423 1317 479 XXV

139 613 274 662 narum
304 588 445 660 lateant
479 587 621 660 codices
649 588 1071 662 continentes-carmina
1101 589 1315 662 hibernica?

5 761 7 824 ζ
140 708 198 780 De
209 706 831 804 industriaMarianiinscribendis
840 707 944 780 libris
957 717 1084 780 auctor
1096 709 1207 781 Vitae
1220 709 1311 804 ejus,

5 851 7 938 p
140 825 472 910 Hibernusetiam,
496 827 698 898 monachus
711 825 999 911 Ratisbonensis,
1021 827 1087 921 qui
1104 827 1212 922 plura
1232 851 1316 898 nar-

140 953 209 1028 rat,
232 954 278 1017 ut
293 945 374 1039 ipse
392 944 500 1028 dicit,
520 947 658 1039 “prout
670 944 763 1016 mihi
774 953 879 1039 pater
890 945 1006 1029 Isaac,
1029 947 1094 1038 qui
1112 955 1261 1019 centum
1278 953 1316 1017 et
1350 1045 1353 1052 .

139 1063 277 1158 viginti
290 1062 397 1134 annis
410 1063 565 1147 vixerat,
583 1063 663 1158 ejus
680 1071 1018 1158 contemporaneus,
1037 1065 1154 1156 etqui
1169 1067 1316 1136 subsua

140 1182 344 1254 directione
373 1191 410 1252 et
432 1181 643 1254 obedientia
666 1183 835 1277 degebat,
863 1206 971 1278 saepe
984 1181 1201 1267 referebas,
1224 1183 1316 1254 haec

141 1299 234 1371 dicit
253 1298 362 1394 (Bell.
379 1301 490 1372 Febr.
513 1302 549 1384 2,
569 1300 677 1395 367):
697 1300 886 1372 “Tantam
898 1301 1082 1374 scribendi
1099 1300 1256 1396 gratiam
1267 1300 1312 1370 B.

140 1417 314 1489 Mariano
327 1418 454 1490 divina
471 1417 702 1513 providentia
721 1418 889 1502 contulit,
919 1421 1018 1512 quod
1035 1419 1154 1492 multa
1171 1443 1213 1490 ac
1231 1440 1316 1511 pro-

139 1536 219 1607 lixa
236 1535 428 1608 volumina
440 1537 557 1608 veloci
569 1536 710 1608 calamo
722 1536 984 1632 perscripserit.
1024 1538 1133 1622 Nam,
1157 1546 1199 1610 ut
1214 1559 1316 1608 vera-

141 1655 234 1728 citer
251 1655 373 1727 dicam
391 1655 470 1726 sine
488 1657 589 1728 omni
606 1653 691 1727 suco
708 1657 920 1740 verborum,
942 1656 1039 1730 inter
1056 1657 1180 1728 omnia
1197 1665 1311 1752 gesta,

142 1797 239 1866 quae
259 1773 387 1844 divina
410 1773 658 1846 misericordia
674 1798 740 1868 per
763 1775 923 1846 eundem
947 1775 1067 1848 virum
1093 1775 1236 1870 operari
1260 1774 1316 1844 di-

141 1901 257 1986 gnata
269 1901 336 1976 est,
347 1893 465 1987 magis
476 1893 587 1966 laude
599 1903 637 1966 et
649 1892 890 1964 admiratione
897 1893 1052 1988 dignum
1060 1895 1187 1990 judico
1202 1901 1240 1965 et
1252 1895 1317 1964 ad-

141 2011 281 2082 mirans
296 2011 466 2095 admiror,
483 2014 584 2103 quod
602 2012 701 2084 idem
715 2011 825 2083 homo
839 2021 987 2084 sanctus
1001 2022 1106 2086 vetus
1123 2023 1161 2086 et
1178 2035 1315 2084 novum

141 2137 422 2214 testamentum,
465 2155 551 2202 cum
576 2131 846 2202 commentariis
872 2132 1104 2226 expositoriis
1128 2131 1316 2204 codicibus

141 2251 346 2322 eorundem
362 2247 559 2332 librorum,
588 2273 663 2322 non
681 2248 794 2322 semel
811 2273 879 2321 nec
897 2251 953 2322 bis
971 2251 1035 2322 sed
1053 2273 1316 2344 saepenumero

140 2376 293 2440 aeterna
309 2391 376 2461 pro
394 2369 560 2440 mercede
577 2369 617 2440 in
635 2367 739 2440 tenui
762 2368 894 2440 habitu
911 2377 950 2441 et
965 2369 1094 2441 subtili
1111 2369 1212 2441 victu
1230 2391 1316 2439 cum

139 2487 300 2582 propn'is
316 2483 492 2558 fratribus
507 2488 594 2570 suis,
618 2487 684 2579 qui
701 2487 924 2582 pergamena
935 2490 1128 2582 parabant,
1151 2488 1311 2582 adjutus,

140 2604 292 2699 propris
309 2628 422 2676 manu
439 2607 662 2700 perscripsit.
710 2607 850 2679 Eodem
873 2631 1020 2701 quoque
1038 2616 1201 2701 tempore
1220 2603 1317 2676 mul-

141 2731 199 2796 tos
216 2722 362 2796 libellos
384 2723 576 2818 multaque
601 2725 789 2798 manualia
805 2726 979 2819 psalteria
1001 2726 1123 2797 viduis
1145 2725 1316 2818 indigen-

143 2841 244 2914 tibus
261 2867 304 2913 ae
322 2841 463 2914 clericis
480 2844 704 2938 pauperibus
722 2843 887 2940 ejusdem
901 2843 1060 2915 civitatis
1074 2865 1140 2936 pro
1153 2841 1316 2912 remedio

142 2960 289 3032 animae
306 2985 395 3033 suae
412 2962 491 3034 sine
508 2962 586 3034 ulla
602 2987 666 3057 spe
685 2961 821 3036 terreni
838 2969 1012 3053 quaestus
1032 2960 1311 3053 scriptitaverat.

140 3079 339 3152 Praeterea
362 3080 502 3152 multae
525 3081 913 3177 congregationes
944 3078 1138 3152 monastici
1161 3077 1310 3158 ordinis,

140 3221 238 3290 quae
261 3198 335 3270 fide
359 3207 398 3271 et
424 3199 576 3273 caritate
594 3225 636 3271 ac
654 3199 860 3272 imitatione
878 3199 923 3270 B.
946 3197 1107 3270 Mariani
1133 3197 1316 3270 deriva-

140 3323 213 3388 tae
245 3317 297 3387 de
327 3313 507 3388 finibus
537 3318 795 3390 Hiberniae
827 3317 1075 3390 Bavariam
1107 3324 1152 3389 et
1175 3318 1315 3388 Fran-

140 3433 325 3506 coniam
357 3437 703 3531 peregrinando
738 3437 1034 3520 inhabitant,
1068 3435 1314 3531 ex'majori

138 3562 276 3648 parte
295 3553 491 3648 scriptis
511 3555 554 3628 B.
573 3555 781 3628 Mariani
798 3554 1103 3628 fulciuntur.”
1132 3553 1316 3625 Eumnon

138 3672 261 3744 solum
290 3672 350 3744 die
373 3675 438 3746 sed
462 3673 575 3745 etiam
606 3681 714 3746 nocte
737 3675 849 3747 libros
875 3697 959 3746 suos
975 3674 1139 3745 scribere
1166 3671 1316 3744 solitum
1419 3753 1425 3768 ι

138 3787 266 3871 fuisse,
295 3797 371 3862 tam
388 3791 529 3888 glossae
546 3792 766 3888 marginales
790 3793 1002 3866 hibernicae
1020 3791 1155 3864 codicis
1173 3791 1317 3862 Vindo-

139 3907 316 3980 bonensis
333 3909 516 3994 indicant,
547 3936 660 4004 quam
678 3921 804 3984 auctor
822 3912 933 3984 Vitae
951 3914 997 3983 de
1014 3912 1085 3982 hac
1101 3935 1141 3982 re
1159 3911 1317 3982 miracu-

138 4025 220 4098 lum
237 4027 445 4100 lucentium
457 4029 656 4124 digitorum
676 4055 828 4102 narrans
841 4029 975 4102 diserte
994 4030 1162 4100 affirmat.
1194 4025 1315 4098 Socio-

139 4170 223 4216 rum
238 4146 319 4240 ejus
334 4171 442 4231 unus,
466 4147 647 4232 Clemens,
674 4149 719 4220 “J
721 4147 961 4245 erosolymam
978 4147 1142 4244 perrexit
1160 4144 1317 4216 ibidem-

140 4288 214 4356 que
231 4265 348 4336 vitam
366 4265 407 4337 in
423 4289 514 4360 pace
532 4267 689 4352 finivit”,
712 4269 805 4341 alter
815 4270 840 4339 J
841 4269 1005 4340 ohannes
1020 4267 1087 4336 “B.
1105 4263 1317 4334 Marianum

142 4408 318 4477 carosque
346 4385 572 4479 propinquos
607 4397 776 4458 aeternae
811 4387 908 4459 vitae
940 4383 1120 4457 desiderio
1148 4383 1318 4456 deserens

145 4501 378 4580 Cottovicum
405 4503 503 4598 (hod.
525 4505 749 4602 thtweich)
775 4504 927 4578 intravit
948 4504 988 4578 in
1005 4503 1170 4588 Austris,
1200 4527 1243 4575 ac
1261 4526 1318 4573 ar-
