3104 5078
299 395 360 464 192
421 399 451 462 Ι.
477 403 507 461 2.
552 411 722 462 consonas
738 410 948 460 rscnoarmss
963 411 1151 464 manneus
1166 407 1333 458 mascaro.

295 571 350 634 cui
370 568 580 654 supponenda
598 567 699 631 forma
727 578 852 631 vetusta
873 565 1058 631 oirotrebe're
1085 567 1128 630 ad
1149 565 1251 630 instar
1269 576 1466 631 vetustorum

297 675 466 740 nominum
481 675 738 750 Cambodunum,
756 672 975 747 Virdomarus,
993 693 1060 734 non
1080 671 1167 736 laesa
1186 693 1279 757 porro
1293 671 1405 755 regula
1419 671 1465 734 hi·

296 779 425 844 bemica
447 779 502 861 (cs.
519 777 709 863 pronomina
731 775 908 862 possessiva
927 777 1028 840 infixa
1042 797 1085 854 m,
1105 785 1200 841 torta
1215 800 1233 840 e
1252 797 1303 840 mo
1311 823 1321 854 ,
1340 779 1380 841 do
1395 799 1467 840 oum

297 884 468 948 infectione
483 883 645 966 sequentis
660 903 833 945 consonae:
858 882 1118 966 remchuimrr'uq,
1137 881 1376 966 imchus'mra'up,
1394 893 1466 946 ante

297 990 515 1075 captivitatem
529 1009 644 1065 meam,
658 987 693 1050 in
705 1010 733 1051 c,
746 1009 805 1064 m.,
819 987 910 1064 Wb.,
925 985 1169 1064 itehdt'mthecht,
1183 987 1218 1050 in
1231 986 1387 1052 comitatu
1399 998 1464 1065 tuo,

298 1097 392 1180 sg.);
410 1095 550 1176 itemque
565 1093 683 1157 cambr.
705 1093 941 1176 Gurtha'qcmua
960 1093 1104 1176 sequitur
1118 1093 1263 1177 regulam
1278 1092 1466 1156 cambrieam

298 1201 540 1287 aspirandanrm
562 1199 709 1262 tenuium
727 1208 801 1282 post
821 1196 976 1280 liquidam
997 1217 1027 1274 r,
1052 1199 1128 1282 quia
1147 1201 1237 1262 deest
1256 1199 1376 1262 vocalis
1397 1211 1468 1283 post

297 1317 458 1371 vemstam
478 1306 613 1368 formam
635 1325 690 1367 aer
703 1303 739 1366 in
753 1301 937 1366 nominibus
952 1303 1205 1387 Vercingetorix,
1223 1304 1464 1368 Vamemetum.

299 1414 383 1478 Cum
405 1423 513 1476 autem
527 1411 645 1474 formae
667 1408 823 1492 ejusmodi
837 1408 1081 1486 vetustissimae,
1098 1409 1134 1473 in
1149 1409 1265 1493 quibus
1280 1431 1378 1473 eausa
1391 1409 1467 1472 latet

298 1517 396 1601 hujus
416 1517 468 1580 vel
487 1515 575 1578 illius
596 1514 786 1591 infectionis,
805 1514 855 1577 vel
871 1523 972 1577 status
988 1514 1102 1577 servati
1117 1514 1291 1598 originarii,
1309 1513 1466 1578 rarissime

299 1631 484 1706 appareant,
501 1631 725 1704 praetereaque
740 1619 851 1703 lingua
871 1617 1095 1703 proculdubio
1118 1620 1280 1684 interdum
1293 1617 1466 1682 anomaliae

299 1739 332 1791 et
345 1727 552 1810 proprietates
568 1723 764 1808 produxerit,
782 1724 995 1788 necessarium
1010 1725 1048 1788 fit
1062 1725 1188 1807 regulas
1202 1726 1242 1788 de
1256 1723 1406 1788 consonis
1420 1723 1467 1786 in·

300 1831 489 1896 choantibus
504 1851 596 1894 voces
611 1851 783 1913 earumque
797 1830 968 1893 infectione
983 1830 1153 1914 separatim
1168 1851 1337 1914 exponere.

386 1937 541 2020 Tangvmt
572 1946 680 1998 autem
710 1934 770 1997 hae
795 1935 923 2018 regulae
956 1955 1110 1998 consonas
1142 1935 1329 1999 inchoantes
1356 1957 1467 2000 vocum

299 2064 409 2108 earum
415 2089 424 2119 ‚
442 2063 524 2126 quae
546 2051 623 2106 sunt
642 2062 717 2104 cum
738 2041 999 2104 antecedentibus
1021 2039 1055 2102 in
1076 2041 1331 2118 constructione,
1350 2041 1385 2104 id
1406 2051 1463 2116 est,

299 2149 335 2212 in
349 2147 481 2212 arctiore
497 2146 676 2230 junctione,
695 2167 723 2210 e.
741 2147 794 2230 gr?
807 2145 999 2210 substantivi
1021 2167 1096 2209 cum
1118 2147 1262 2224 articulo,
1279 2145 1466 2231 pronomine

299 2253 486 2338 possessivo,
504 2251 748 2337 praepositione,
766 2251 844 2316 item
864 2251 1056 2315 substantivi
1070 2251 1105 2314 in
1119 2252 1261 2335 genitivo
1275 2253 1327 2316 vel
1342 2271 1466 2316 accusa·

288 2353 366 2423 ‘tivo
386 2369 460 2443 post
480 2357 716 2421 substantivum
738 2357 789 2420 vel
809 2358 951 2434 verbum,
969 2357 1117 2441 adjectivi
1137 2369 1210 2442 post
1232 2359 1466 2422 substantivum

300 2475 376 2542 etc,
394 2463 531 2547 denique
547 2485 671 2540 vocum,
689 2485 770 2547 quae
783 2463 916 2547 junctae
931 2475 1009 2526 sunt
1022 2463 1153 2526 omnino
1168 2463 1371 2528 antecedenti
1384 2483 1465 2527 com·

300 2569 468 2655 positione.
493 2569 596 2633 Voces
611 2579 701 2632 extra
713 2568 868 2652 ejusmodi
878 2568 1073 2652 junctiones,
1089 2581 1155 2634 tam
1166 2570 1251 2634 intra
1261 2567 1463 2642 sententiam,

301 2697 398 2759 quam
419 2675 454 2738 in
476 2673 569 2738 initio
591 2673 676 2757 ejus,
700 2683 777 2737 sunt
798 2674 895 2738 etiam
916 2685 1006 2738 extra
1026 2676 1170 2759 regulas,
1193 2685 1384 2758 servantque
1406 2685 1466 2736 sta-

301 2792 371 2846 tum
392 2779 601 2864 originarium
615 2799 836 2843 consonarum.
869 2781 1060 2864 Junguntur
1074 2781 1171 2845 etiam
1185 2781 1352 2844 scribendo
1367 2781 1403 2842 in
1416 2799 1466 2842 ve·
1536 2795 1538 2856 fl

302 2887 397 2951 tristis
416 2885 589 2961 codicibus,
607 2883 792 2968 praesertim
813 2883 1002 2962 hibernicis,
1020 2907 1087 2950 non
1107 2887 1211 2950 solum
1230 2907 1323 2950 voces
1343 2883 1466 2969 proprie

301 2991 505 3076 compositae,
519 2991 571 3054 vel
585 2989 811 3074 pronominum
825 2990 1062 3074 infigendorum
1076 2991 1187 3054 literae
1202 2990 1380 3074 singulares
1394 2989 1465 3054 resi·

300 3100 383 3163 duae
404 3117 478 3160 cum
498 3094 663 3181 particulis
685 3105 718 3158 et
739 3095 880 3173 vocibus,
902 3096 986 3159 inter
1008 3119 1087 3181 quas
1109 3107 1186 3160 sunt
1207 3097 1390 3180 infigenda,
1415 3095 1465 3157 sed

301 3203 398 3266 etiarn
413 3223 467 3265 eae
482 3221 585 3276 voces,
601 3221 682 3283 quae
697 3210 774 3263 sunt
788 3200 917 3283 quidem
932 3199 967 3264 in
982 3201 1110 3264 vinculo
1120 3201 1311 3284 junctionis,
1327 3213 1463 3264 attamen

301 3331 368 3372 non
390 3318 456 3371 tam
479 3317 583 3381 arcto,
606 3305 791 3388 praesertim
812 3305 949 3382 articuli,
973 3306 1200 3390 pronominum
1221 3306 1463 3389 possessivomm

301 3415 420 3476 formae
434 3409 680 3492 monosyllabae,
694 3409 942 3492 praepositiones
957 3412 1193 3496 monosyllabae
1207 3421 1241 3474 et
1255 3411 1459 3484 substantiva,

302 3515 476 3602 particulae
495 3515 636 3578 verbales
657 3525 690 3578 et
708 3516 805 3581 verba
823 3525 884 3578 ete.
917 3518 1009 3584 Quae
1023 3537 1138 3580 vocum
1152 3515 1279 3600 junctio
1294 3518 1462 3580 secundun

302 3619 567 3686 consuetudinem
578 3620 723 3682 codicum
731 3620 828 3683 ctiam
840 3619 874 3682 in
886 3619 945 3683 hoc
957 3643 1049 3704 opere
1056 3621 1243 3705 regulariter
1250 3643 1399 3706 expressa
1408 3629 1460 3684 est.

389 3727 438 3789 Eo
453 3725 537 3808 quod
559 3723 595 3788 in
609 3724 743 3788 vetustis
758 3725 919 3788 codicibus
935 3725 1106 3790 hibernicis
1121 3726 1251 3790 infectio
1265 3726 1331 3790 lere
1346 3725 1381 3789 in
1396 3723 1461 3789 solis

304 3831 454 3896 tenuibus
466 3830 701 3906 inchoantibus,
712 3843 807 3913 atque
819 3829 854 3892 in
862 3851 888 3906 a,
895 3831 932 3914 s,
943 3853 1046 3914 neque
1054 3832 1088 3894 in
1100 3831 1150 3894 his
1158 3853 1292 3916 semper,
1304 3843 1413 3895 notata
1419 3830 1461 3892 ia·

303 3937 441 4013 venitur,
455 3937 493 3998 fit
505 3935 640 4020 penuria
651 3935 878 4019 exemplorum,
893 3957 974 4018 quac
985 3959 1004 3999 a
1015 3937 1114 4000 classe
1126 3937 1272 4000 tenuium
1283 3937 1462 4022 plerumque

303 4041 559 4127 suppeditantur.
589 4042 630 4103 In
651 4051 741 4123 parte
755 4039 935 4104 britannica
949 4063 1140 4125 quamquam
1157 4041 1383 4106 armoricorum
1396 4053 1462 4104 ante

304 4147 491 4210 hodiernam
502 4144 647 4227 linguam
657 4145 874 4228 exemplorum
887 4147 996 4210 eadem
1008 4147 1050 4210 sit
1059 4146 1193 4231 penuria
1204 4167 1263 4210 nec
1274 4147 1461 4210 cornicomm

304 4273 422 4335 magna
443 4249 544 4333 copia,
562 4251 661 4314 codex
676 4261 784 4314 tamen
798 4253 893 4314 ruber
907 4251 1096 4316 cambricam
1111 4251 1310 4316 notationem
1324 4251 1386 4316 fera
1398 4269 1458 4334 pcr-

304 4355 419 4420 fectam
441 4353 595 4419 exhibens
617 4355 761 4420 omnium
783 4355 933 4420 classium
954 4357 1100 4443 exempla
1121 4369 1171 4422 sat
1184 4379 1354 4422 numerosa
1367 4353 1455 4422 offert·

1530 4561 1532 4654 l
