3184 5078
329 419 358 478 1.
388 425 415 480 1.
462 437 632 482 corsorum
648 438 875 484 enrrsnnrcun
890 439 1064 488 nrournsn.
1222 422 1277 484 131

108 585 298 649 stituturum
320 593 428 648 autem
448 584 576 669 scriptio
591 599 640 650 cst
654 587 808 670 simplex,
827 587 856 664 1,
874 610 913 664 n,
931 610 967 662 r,
986 599 1118 673 excepta
1132 611 1181 666 m,
1199 611 1281 674 quae

108 689 282 756 infectione
298 689 493 754 destituente
507 693 545 754 fit
559 715 592 769 u,
609 693 692 756 uvel
702 693 740 776 f.

193 797 247 860 Ad
263 793 495 878 designandam
509 797 664 880 liquidnm
680 797 771 861 lnon
786 797 972 862 destitutam
988 809 1037 862 est
1052 799 1170 862 usitate
1183 800 1218 863 in
1230 821 1280 864 eo·

108 903 246 978 dicibus,
261 922 291 964 e.
305 922 354 984 gr.
372 899 409 962 in
423 902 525 980 Man,
539 913 572 965 et
586 902 680 966 hodie
695 923 822 986 quoquc
836 903 962 967 residua
976 903 1105 986 scriptio
1119 905 1281 988 genrinnta

109 1009 136 1072 11
140 1035 153 1082 ,·
175 1029 235 1090 pro
249 1005 375 1088 liquida
395 1027 414 1068 r
435 1027 501 1070 non
516 1007 670 1072 destituta
691 1018 799 1072 autem
813 1007 853 1070 rh
869 1009 987 1072 usitata
1002 1009 1112 1086 bodie,
1135 1012 1280 1074 nondum

108 1113 145 1176 in
163 1111 342 1174 codicibus.
374 1112 416 1174 Iu
436 1111 487 1175 his
507 1123 614 1176 nmen
628 1113 737 1178 uddita
750 1113 772 1178 Ιι
787 1113 883 1178 etism
897 1113 1061 1198 poetelius
1076 1113 1212 1196 liquidus
1226 1135 1280 1197 ge·

107 1216 322 1282 minationem
337 1215 512 1299 significat,
526 1216 595 1300 jam
609 1217 644 1282 in
658 1219 727 1282 eod.
750 1225 777 1280 1.
796 1219 901 1282 Oxon.
920 1218 955 1282 in
970 1217 1160 1300 quibusdem
1175 1240 1279 1284 exem-

105 1322 188 1406 plis,
215 1342 299 1406 quas
318 1342 414 1404 supra
436 1322 532 1385 allata
553 1333 647 1400 sunt,
671 1323 869 1406 frequentius
883 1323 919 1386 in
934 1322 1023 1386 aliis:
1047 1323 1167 1388 iarllses
1188 1323 1279 1405 (elim

106 1427 223 1492 torua
231 1474 242 1504 ‚
260 1425 434 1508 comitissa)
449 1427 484 1490 in
504 1427 711 1511 inscriptione
726 1427 842 1492 codicis
859 1427 947 1492 rubri
961 1427 1155 1510 incipientis.
1173 1429 1278 1494 umde-

106 1532 245 1614 rawdyr
267 1532 324 1612 (=
338 1551 491 1608 emmer„
516 1533 610 1596 elat.
633 1533 817 1616 imperator)
838 1533 927 1598 Mab.
944 1533 989 1616 fq.
1013 1532 1091 1597 licat
1111 1534 1282 1618 arpanhell

106 1639 203 1719 (mox
217 1637 240 1698 l.
259 1637 425 1719 arpennel,
446 1636 518 1700 lons
532 1638 711 1720 litgantelli
719 1637 764 1720 1),
774 1639 853 1720 pull
864 1637 985 1720 pendic
1000 1640 1088 1718 (mcx
1096 1660 1134 1720 p.
1145 1639 1276 1720 peonio,

105 1743 200 1806 lucus
221 1742 277 1822 P.)
297 1741 369 1804 libr.
393 1743 589 1806 Landltl.
611 1749 683 1806 165.
712 1743 884 1808 sarachowa
907 1744 954 1824 (n.
978 1764 1027 1825 pr.
1045 1743 1122 1820 viri,
1148 1744 1183 1808 in
1208 1745 1279 1810 aliis

106 1869 255 1912 -orsscns
285 1847 477 1924 Yournnou,
500 1848 654 1914 Biannos
669 1849 758 1912 Mnb.
778 1854 816 1925 2,
834 1853 906 1910 222.
927 1853 964 1924 3,
985 1854 1056 1910 114.
1087 1851 1277 1926 Ψαναηέοη,

109 1955 291 2028 Geronton,
312 1952 471 2014 Treanron
485 1951 519 2016 in
534 1952 635 2017 chart.
654 1953 776 2035 Rhed.)
793 1953 880 2016 Mcb.
901 1957 930 2029 2,
951 1957 1024 2044 206.
1044 1953 1172 2018 minden
1187 1955 1279 2037 (alias

105 2057 253 2132 minum,
270 2059 354 2138 ego),
376 2055 549 2140 hymnded
562 2057 610 2139 (in
625 2057 696 2122 sliis
711 2057 788 2122 locis
802 2057 988 2142 kffcnncd,
1006 2059 1093 2142 regio
1107 2060 1276 2143 habitata),

105 2161 278 2245 kermdyd
297 2160 345 2242 (in
367 2161 437 2224 aliis
458 2161 535 2226 locis
556 2163 736 2248 kercmyd,
760 2166 860 2243 amor)
882 2163 970 2226 Mab.
995 2163 1039 2248 fq.
1073 2167 1137 2228 Pro
1156 2164 1278 2248 liquide

103 2289 141 2330 m
157 2264 340 2349 originaria,
355 2265 430 2348 quis
444 2267 555 2330 eudem
565 2267 719 2330 destituta
730 2268 767 2329 fit
779 2288 811 2342 u,
820 2267 857 2350 f,
873 2267 993 2332 sufficit
1002 2268 1131 2352 scriptio
1143 2269 1278 2352 simplex

103 2395 159 2449 m,
178 2391 262 2454 quae
281 2370 377 2434 etiam
398 2391 520 2454 semper
540 2371 604 2434 fere
626 2370 660 2432 in
675 2392 737 2434 usu
752 2382 801 2434 est
815 2393 874 2454 pro
886 2371 1102 2453 geminatione
1116 2371 1274 2454 ejusdem3

104 2479 260 2559 idemque
275 2497 352 2538 usus
367 2475 548 2558 scriptionis
562 2475 714 2559 simplicis
726 2476 834 2540 minus
848 2487 993 2540 accurate
1003 2477 1164 2540 interdum
1176 2487 1277 2540 trans·

103 2583 147 2646 iit
160 2582 199 2644 in
213 2580 292 2644 alins
307 2579 463 2663 liquidas,
481 2591 519 2643 ut
533 2581 567 2644 in
583 2581 630 2644 -el
642 2583 714 2662 (pro
728 2581 801 2656 eli,
826 2580 863 2642 in
877 2601 973 2664 supra
987 2581 1079 2646 dictis
1094 2581 1273 2664 exmplis),

103 2707 166 2752 cos·
182 2689 240 2767 (==
254 2705 340 2760 carr,
358 2689 480 2768 cerrus)
495 2687 588 2769 Leg„
605 2685 689 2749 rlran
706 2687 805 2768 (pars)
821 2684 915 2748 hodie
929 2707 987 2768 pro
1001 2685 1118 2748 rdcun.

196 2791 371 2855 Cornice
401 2791 539 2874 liquidae
561 2791 704 2854 internae
729 2789 939 2872 geminandae
970 2789 1209 2870 significantur,
1240 2803 1278 2856 ut

98 2896 277 2972 cambrice,
295 2895 391 2960 etiarn
412 2895 521 2960 addito
541 2895 583 2959 h:
607 2895 759 2959 tanecel
774 2894 888 2975 (saltus
897 2917 907 2967 3
932 2893 1096 2958 lhnnercl
1112 2894 1200 2958 Mab.
1214 2895 1275 2978 sq.)

100 3003 230 3066 Vocab.
246 3001 360 3085 yellus
372 2999 444 3082 (ivit
450 3025 459 3076 ;
479 2999 555 3063 alibi
566 3001 687 3083 pallas)
705 3001 796 3062 Pass.
813 3003 886 3074 246,
903 3002 932 3059 2.
951 3018 972 3058 α
986 2995 1092 3080 cyrrha
1104 2997 1174 3080 (qui
1185 2999 1273 3074 vult;

99 3107 147 3170 al.
162 3109 281 3190 myrra)
295 3111 367 3181 139,
385 3111 413 3168 1.
440 3104 567 3168 Sufficit
580 3115 613 3170 et
626 3127 658 3168 m
673 3104 809 3188 simplex
823 3123 957 3185 semper,
972 3122 1000 3162 e.
1014 3121 1063 3182 gr.
1077 3101 1112 3164 in
1124 3101 1187 3184 adj.
1205 3125 1274 3166 eam

100 3213 255 3292 (curnis)
275 3211 415 3286 Vocab,
433 3209 469 3273 in
493 3209 649 3292 particula
675 3207 824 3272 reflexiva
849 3207 1013 3289 frequente
1039 3227 1102 3268 cm-
1124 3206 1159 3268 in
1182 3208 1272 3270 Pass.

100 3317 331 3382 Veruntamen
344 3335 504 3396 nusquam
517 3313 647 3378 invenio
662 3335 733 3378 enm
748 3311 963 3395 scriptionem,
981 3331 1022 3372 ne
1037 3310 1077 3374 rh
1091 3311 1142 3374 vel
1157 3311 1191 3376 u
1205 3311 1274 3394 qui·

101 3422 191 3496 dem,
210 3421 253 3484 ad
268 3419 510 3502 significandum
524 3417 679 3500 liquidam
692 3417 887 3500 primitivam
901 3415 1115 3480 inchoantem.

192 3523 399 3590 Armorici
439 3522 561 3588 codices
596 3521 675 3586 item
711 3532 832 3586 statum
866 3519 1052 3604 primarium
1081 3519 1273 3602 liquidarum

101 3629 197 3694 nulla
222 3629 351 3713 propria
371 3628 540 3711 scriptione
561 3627 783 3709 distinguunt,
806 3648 866 3690 nec
887 3625 1060 3708 duplicate,
1080 3647 1139 3688 nec
1160 3647 1217 3708 per
1238 3625 1271 3688 Is.

101 3733 227 3797 Contra
250 3733 272 3796 1
294 3732 402 3798 addita
423 3733 585 3796 interdum
606 3732 776 3796 destitutas
790 3731 926 3813 liquidos
942 3728 1120 3811 significare
1135 3729 1270 3806 videtur,

102 3861 135 3900 e.
150 3861 201 3921 gr.
224 3837 261 3900 in
275 3859 362 3902 nom.
385 3858 433 3920 pr.
458 3837 558 3900 chart.
582 3837 752 3901 Rhedon.:
782 3836 989 3900 Wrmtaolon
1004 3835 1217 3916 (Gumaelcn
1237 3833 1274 3896 in

103 3943 274 4027 Kemperl.
299 3944 383 4006 Mor.
402 3945 480 4024 165)
497 3946 533 4017 2,
553 3947 605 4004 25.
629 3941 849 4017 Wrmdcwen‚
879 3939 1109 4004 Guormlowes
1133 3945 1169 4014 1,
1191 3947 1219 4000 7.
1240 3942 1269 4013 2,

107 4055 160 4124 13,
177 4069 253 4112 curn
268 4047 386 4110 ibidem
405 4053 433 4122 1,
451 4053 488 4108 19
506 4045 549 4108 sit
568 4045 757 4110 Wcrwolaen
773 4045 814 4127 (si
829 4045 942 4110 saltem
957 4055 1041 4107 recte
1055 4044 1270 4124 impressum).

103 4153 258 4216 Maeldcc
280 4152 422 4232 (Maeloc
444 4151 527 4214 Mor.
548 4153 623 4232 307)
641 4156 678 4226 2,
700 4157 749 4212 13.
774 4149 1005 4214 Heotewedoe
1025 4145 1116 4228 (alibi
1141 4147 1270 4220 Retro,

102 4258 249 4338 Hadra)
265 4257 349 4320 Mor.
369 4263 441 4318 301.
475 4256 527 4318 lta
541 4265 574 4318 et
588 4255 623 4318 in
637 4255 743 4318 Buh.:
764 4251 947 4336 sontelhcff
955 4249 1201 4332 (sanctissimus)
1218 4254 1271 4324 48,

106 4369 160 4424 11.
169 4361 271 4445 faldo
287 4360 342 4442 (cf.
359 4359 437 4442 gell.
453 4359 528 4422 bod.
537 4359 640 4442 soille
655 4381 730 4422 cum
745 4357 876 4430 tmolli3
899 4367 948 4418 est
963 4365 1069 4417 tumen
1083 4351 1180 4414 etism
1198 4358 1270 4429 154,

105 4471 148 4528 12
155 4467 262 4550 salle)
280 4471 358 4540 161,
379 4470 429 4526 12.
450 4470 522 4540 112,
542 4471 572 4524 5.
592 4464 758 4539 buntur,
777 4459 948 4526 nominat
962 4458 1126 4592 (gaudere)
1144 4461 1200 4534 28,
1220 4461 1271 4520 22.

1025 4565 1041 4620 9
