3242 5080
337 437 385 500 II.
405 441 435 499 2.
482 455 615 501 nuonur.
633 457 843 502 mnunnrcnn
857 457 935 501 onn.
954 457 1044 502 roso.
1063 459 1134 502 snn.
1153 458 1177 500 1.
1279 437 1342 499 265

570 639 673 703 Series
689 639 718 702 1.
1044 638 1147 702 Series
1164 639 1212 702 11.

418 736 874 780 1-——-⁴⁸-·-—-—.
950 741 1305 779 μ--ω--η

468 819 498 862 a.
682 801 740 862 ·b.
1029 847 1037 862 .
1239 797 1272 860 b.

177 903 268 968 Plur.
299 923 386 966 nom.
433 924 552 968 anman
681 904 789 968 honen
949 902 1088 968 monmin
1217 901 1300 966 dion

261 1029 371 1092 -gen
430 1029 549 1072 anman
678 1008 785 1073 hemon
950 1029 1097 1074 menmon
1216 1007 1302 1070 dilen

298 1114 364 1176 dat.
431 1113 581 1176 ammonio
678 1113 800 1177 bomaio
949 1111 1128 1178 menmanid
1214 1110 1317 1176 dumio

297 1239 363 1282 ooo.
430 1239 549 1282 anmao
678 1217 784 1282 bdmon
947 1239 1116 1284 murmano
1216 1216 1303 1280 ditm

365 1388 467 1453 Series
482 1389 549 1453 III.
732 1389 835 1454 Series
850 1389 911 1455 IV.
1101 1389 1204 1455 Series
1219 1389 1262 1454 V.

650 1489 1005 1530 μ--ω-η

181 1653 272 1738 Sing.
290 1673 377 1718 nom.
422 1653 509 1717 athir
657 1571 759 1718 adid
896 1551 960 1738 fibli'
1097 1651 1272 1718 cathir*

356 1757 518 1821 .atdor
659 1759 769 1822 drueul
895 1757 989 1842 flled
1097 1755 1248 1822 oatdraod

347 1909 355 1926 .
422 1861 509 1928 athir
659 1862 760 1927 druid
893 1863 979 1948 filid
1097 1862 1202 1927 cathir

346 2015 353 2030 .
422 1967 510 2032 athir
659 1967 759 2032 druid
891 1967 978 2052 stud
1094 1965 1238 2032 oothriod

423 2106 510 2171 athir
555 2097 577 2114 ”
659 2105 760 2171 druid
890 2106 977 2190 filia
1095 2103 1239 2171 cathriob

354 2259 361 2275 .
421 2212 513 2275 athre
659 2211 769 2276 druod
887 2212 979 2296 fllod
1096 2209 1249 2276 oatdraoh

347 2365 354 2380 .
421 2315 528 2380 atbrib
616 2395 619 2402 1
658 2315 789 2381 druidib
890 2317 1006 2401 filidr'b
1097 2313 1274 2379 cathriclu'b

346 2469 353 2484 .
421 2419 518 2484 atdru
655 2419 775 2486 druido
883 2420 994 2504 filoda
1093 2419 1267 2486 catbraobu

667 2622 805 2688 Series
827 2624 856 2686 Ι.

265 2794 543 2861 substantivorum
558 2807 606 2861 est
628 2797 827 2880 quorundum
848 2794 1064 2862 desinentium
1077 2794 1113 2858 in
1127 2794 1196 2873 -im,
1217 2815 1273 2872 ·m,
1291 2795 1344 2859 oui

181 2899 309 2964 additur
324 2899 359 2962 in
374 2921 448 2982 gon.
463 2901 546 2985 sing.
560 2925 596 2965 -a
610 2901 676 2966 sive
691 2924 732 2980 -ο,
750 2901 786 2966 in
800 2903 865 2964 dat.
884 2900 942 2965 -r’m
956 2922 1030 2964 cum
1044 2921 1076 2964 m
1090 2900 1297 2984 reduplioata,
1311 2911 1345 2967 et

180 3005 216 3068 in
227 3005 312 3088 plur.
323 3003 388 3066 sive
397 3027 464 3081 ·on,
475 3005 541 3068 sive
549 3029 611 3084 -ση,
622 3006 738 3089 quibus
749 3007 873 3070 duabus
885 3003 1160 3070 terminationibus
1171 3005 1344 3068 fiuntduae

180 3107 362 3172 divisiones.
394 3109 436 3172 In
457 3110 560 3192 priore
582 3114 643 3195 (a.)
665 3113 766 3176 subst.
784 3109 1076 3194 frequentissimum
1096 3108 1195 3185 aium,
1212 3129 1341 3186 nomen,

180 3213 216 3276 in
235 3213 323 3276 loco:
347 3213 578 3300 arodirmedliq.
597 3215 779 3281 anainmoin
794 3219 857 3298 (est
871 3215 1048 3279 derivatum
1062 3235 1180 3276 nomen
1194 3213 1268 3294 boo)
1285 3213 1341 3296 Sg.

181 3315 236 3381 56⁸
249 3339 351 3401 genus
365 3329 517 3383 neutrum
532 3331 698 3398 monstrat,
713 3321 804 3405 cujus
820 3332 897 3384 sunt
909 3321 996 3384 haud
1007 3318 1102 3382 dubie
1113 3317 1209 3382 etiam
1220 3327 1323 3380 cetera
1331 3341 1341 3392 ;

178 3424 213 3488 in
234 3423 406 3508 posteriore
421 3424 484 3506 (b.)
500 3423 595 3488 nimis
616 3447 719 3510 pauca
738 3425 884 3509 exemplo.
903 3425 1005 3502 obvio,
1023 3446 1082 3488 neo
1096 3423 1207 3488 eudem
1222 3443 1345 3505 semper

177 3527 412 3594 concordantia.
429 3529 577 3594 Vooativi
588 3553 648 3595 neo
658 3530 694 3594 in
705 3531 765 3594 hoc
772 3551 832 3594 neo
839 3529 873 3593 in
882 3529 944 3593 ulis
951 3529 1030 3594 serie
1038 3538 1142 3594 exstat
1149 3527 1341 3610 exemplum.

635 3697 886 3783 Singularis.

262 3849 360 3914 Nom.
385 3869 415 3910 a.
433 3845 532 3924 aium,
550 3847 670 3913 ainmm
685 3852 835 3931 (nomem
852 3879 897 3902 ε
911 3845 1009 3924 anim,
1027 3867 1060 3930 p.
1080 3849 1113 3929 6)
1127 3847 1204 3910 Wb.
1222 3845 1279 3930 Sg.
1296 3845 1341 3928 fq.

178 3952 278 4017 renim
294 3951 447 4036 (sonitus)
462 3951 539 4016 Wb.
560 3949 623 4016 1³⁶.

262 4059 295 4120 b.
320 4059 475 4141 Suppono
497 4057 577 4122 odim
598 4057 732 4141 (plaga),
755 4054 891 4141 inqreim
910 4053 1125 4140 (persecutio),
1147 4073 1206 4136 pro
1228 4051 1341 4130 henim,

180 4158 269 4222 brom
284 4171 316 4224 et
329 4161 475 4245 inqrmm
489 4163 530 4225 ob
544 4161 683 4226 rudioem
697 4162 754 4226 don
770 4165 816 4246 (p.
832 4166 888 4243 44)
899 4170 932 4224 et
946 4161 1047 4223 subst.
1064 4157 1227 4241 inqrentid
1239 4177 1343 4240 perso·
1431 4169 1436 4183 ·

180 4265 283 4343 curor)
297 4265 370 4329 Wb.
388 4263 451 4329 18⁶.
476 4267 641 4332 Incertum
655 4268 695 4332 ob
710 4267 928 4350 exemplorum
941 4261 1119 4347 penuriam,
1133 4283 1214 4324 num
1227 4261 1291 4324 huo
1302 4283 1344 4324 on

179 4365 221 4428 ud
244 4371 462 4434 antecedentis
481 4371 679 4454 pertineant:
705 4375 758 4436 dm
779 4372 837 4454 (gl.
861 4389 994 4445 monus,
1018 4365 1173 4448 hosfium)
1196 4367 1256 4430 Ml.
1276 4362 1341 4428 36¹².

180 4467 276 4534 teidm
298 4474 436 4556 (pestis,
460 4475 496 4540 iu
522 4497 661 4560 compos.
685 4472 1011 4556 teidmlonomnoodu)
1034 4471 1094 4536 Ml.
1116 4467 1179 4533 15³.
1211 4469 1344 4555 toqoirm
