3184 5078
302 387 362 447 144
504 385 532 447 Ι.
560 391 590 446 1.
635 402 805 446 oonsonsn
820 402 1047 448 nmmnmons
1062 403 1254 448 snmnssns.

303 562 353 616 10.
376 554 417 616 In
427 549 550 636 paucis,
564 561 602 614 ut
612 550 748 628 videtur,
762 551 905 635 egallioa
915 551 1076 616 romanica
1088 552 1290 616 transsumtis
1304 551 1467 618 inveniunt

299 656 525 742 praemissae:
549 656 704 740 estonaff,
727 665 844 720 ostonet
869 657 1029 738 (donner,
1053 659 1177 740 bonno)
1200 665 1238 734 4,
1264 663 1464 734 11.82,10.

301 769 382 840 200,
402 767 432 824 3.
461 781 551 842 asper
576 763 676 844 (spes)
702 767 759 837 18,
779 767 809 824 3.
835 767 988 838 200,15.
1020 761 1205 826 Hodiernus
1230 783 1342 826 voees:
1372 765 1474 848 spars

300 867 500 950 (flabellum),
518 865 596 930 strio
612 866 814 950 (contentio),
832 867 948 932 skoorr
963 869 1109 951 (ramus).

386 1087 444 1189 H
470 1127 666 1192 britannicae
692 1139 834 1193 mutatae
859 1151 899 1192 ex
925 1150 941 1192 s
965 1127 1128 1214 primitiva
1152 1127 1262 1192 celtico
1283 1129 1468 1214 exemplum

298 1241 495 1326 praeclarum
510 1251 559 1304 est
572 1262 689 1304 nomen
704 1228 794 1303 fluvii
808 1241 944 1303 Habren
960 1251 1017 1324 ἀρ.
1034 1241 1202 1303 Nennium
1217 1243 1264 1324 (p.
1284 1249 1300 1302 7
1305 1244 1358 1323 5),
1376 1242 1469 1326 Has-

297 1368 366 1422 ren,
380 1345 562 1430 frequenter
576 1345 705 1409 obvium
720 1344 754 1407 in
769 1344 849 1407 libro
862 1345 1074 1422 Lnndavensi,
1093 1347 1179 1430 opud
1190 1345 1362 1410 Giraldum
1373 1345 1468 1410 Cam-

296 1453 444 1514 brensem
466 1462 498 1514 et
518 1450 553 1514 in
575 1449 681 1513 codice
702 1451 816 1524 rubro,
833 1449 919 1532 qnod
933 1451 1153 1514 Romanorum
1174 1460 1276 1514 aetate
1296 1449 1406 1514 adhuc
1421 1461 1470 1514 est

298 1555 451 1619 Sabrina.
483 1555 556 1618 Alia
578 1556 733 1638 quaedam
754 1553 923 1637 ejusmodi:
951 1553 1078 1632 halois,
1096 1555 1205 1618 lalet‘n
1228 1556 1304 1638 (sal)
1327 1556 1467 1632 Vonab„
1513 1589 1521 1614 .

295 1662 415 1724 cambr.
433 1659 577 1722 hodiem.
595 1659 690 1722 holon
704 1691 748 1712 =
762 1658 886 1720 hibern.
904 1669 967 1721 vet.
990 1659 1125 1737 salano,
1146 1682 1164 1723 e
1184 1660 1245 1736 sal,
1264 1661 1350 1744 qnod
1370 1661 1470 1724 etiam

296 1765 420 1828 obtinet
435 1765 470 1827 in
484 1774 609 1827 vetusto
624 1763 753 1827 nomine
776 1763 890 1848 gallico
906 1763 1026 1826 salusa
1041 1757 1151 1844 (“fons
1166 1787 1232 1828 non
1247 1765 1397 1829 dulcibus
1414 1767 1471 1830 sed

296 1869 492 1946 salsioribus,
511 1891 607 1952 quam
626 1867 767 1932 marinae
789 1868 872 1945 sint,
898 1867 987 1951 aquis
1009 1868 1186 1952 defluens”)
1207 1869 1286 1932 Mel.
1306 1875 1336 1946 2,
1357 1877 1396 1948 5,
1416 1870 1470 1934 eui

296 1957 379 2037 sddo
394 1995 511 2037 nomen
525 1973 587 2036 loci
599 1973 718 2050 Saliso,
734 1971 855 2036 Saletio
870 1971 919 2054 (in
934 1971 1062 2036 sinistra
1073 1973 1182 2037 Rheni
1197 1974 1367 2058 superioris
1382 1975 1469 2060 ripn)

296 2079 384 2164 apud
394 2079 601 2142 Ammiannm
616 2089 649 2141 et
663 2077 698 2140 in
713 2079 793 2141 st.
809 2081 904 2142 Peut.
930 2077 1092 2141 Porticula
1106 2077 1325 2162 inseparabilis
1340 2081 1466 2144 csmbr.

296 2196 361 2251 vet.
379 2183 448 2262 Ino,
467 2183 531 2260 ho,
550 2184 613 2261 hs,
638 2183 756 2246 cambr.
781 2183 925 2246 hodiern.
950 2183 1018 2269 kgr,
1036 2205 1149 2248 srmor.
1171 2183 1235 2260 hs,
1253 2182 1379 2246 hibern.
1399 2197 1466 2248 vet.
1567 2211 1568 2276 ᾗ

295 2315 375 2368 su-,
393 2313 464 2366 so-,
482 2310 563 2371 quae
588 2288 685 2351 etiam
707 2298 755 2352 est
775 2311 833 2352 su·
856 2287 891 2351 in
911 2287 1095 2352 nominibus
1116 2287 1239 2372 gallicis
1263 2289 1467 2368 Suessiones,
1567 2377 1568 2380 Ἴ

297 2399 464 2471 Suanetes,
483 2395 626 2456 Susam
641 2393 774 2476 aliisque
790 2395 836 2477 (p.
857 2397 922 2478 17).

382 2530 598 2598 Cambrioa
623 2531 779 2614 exemplo,
797 2532 832 2596 in
852 2531 967 2616 quibus
982 2555 998 2598 s
1013 2531 1148 2596 aliarum
1161 2532 1357 2616 linguarum,
1374 2555 1470 2618 prns-
1566 2521 1567 2592 ᾗ

297 2639 406 2704 sertim
417 2635 608 2712 hibernicae,
622 2638 808 2720 responden
830 2644 858 2700 l.
876 2637 911 2702 in
922 2637 1016 2700 initio
1026 2659 1157 2700 vocum:
1175 2637 1248 2702 suit
1260 2638 1350 2720 (hod.
1366 2639 1468 2726 lnoyl,

297 2745 421 2808 hibern.
439 2751 503 2804 vet.
521 2741 596 2817 sool,
611 2742 679 2804 so'ol
691 2742 761 2824 Sg.,
775 2763 876 2825 germ.
894 2743 988 2827 soqel,
1002 2741 1135 2823 velum),
1149 2741 1210 2806 hen
1226 2743 1353 2826 (senex)
1368 2765 1387 2807 e
1404 2767 1471 2829 quo

297 2847 415 2932 superl.
432 2845 565 2910 siukam
581 2845 638 2929 (gl.
656 2845 834 2929 patricius),
851 2846 905 2910 hir
921 2848 1070 2931 (longus;
1088 2847 1212 2912 hibern.
1229 2857 1293 2912 vet.
1311 2849 1387 2932 sir),
1408 2850 1471 2933 hep

297 2953 398 3035 (sins,
422 2972 531 3034 praep.
540 2975 550 3026 ;
625 2950 749 3014 hibern.
773 2961 836 3014 vet.
854 2951 940 3035 sech)
948 2999 960 3029 ‚
976 2951 1121 3036 helqsas·
1134 2953 1191 3036 (gl.
1210 2974 1342 3030 venare,
1365 2953 1471 3040 impo

295 3067 377 3131 ηις
395 3055 519 3118 hibern.
536 3065 600 3118 vet.
617 3056 704 3139 selq,·
721 3057 761 3120 cs.
778 3077 896 3120 nomen
910 3077 986 3139 pop.
1004 3057 1086 3120 Brit.
1103 3056 1305 3142 Σελγοοῦαι,
1322 3069 1362 3122 ut
1376 3081 1471 3124 nuno
1565 3095 1566 3156 3

296 3171 379 3223 recto
401 3158 518 3242 legitur
540 3158 575 3222 in
592 3159 730 3224 editions
745 3161 995 3244 Wilberginns),
1014 3161 1086 3226 lint
1100 3161 1183 3244 (νίας
1208 3162 1283 3227 hod.
1301 3162 1401 3248 dyst,
1422 3165 1471 3228 hi-

295 3267 385 3330 bern.
402 3274 466 3328 vet.
483 3265 548 3340 abt,
564 3265 655 3348 goth.
673 3264 789 3348 sinilia)
804 3265 840 3328 in
854 3285 993 3349 compos.
1010 3277 1043 3328 et
1064 3266 1195 3330 derivat.
1217 3267 1471 3352 doquohintiln'at

296 3371 355 3454 (gl.
373 3369 561 3451 inceduns)‚
584 3368 715 3434 hemor
735 3370 923 3452 (sentinus,
940 3371 1077 3435 basiator
1092 3373 1181 3436 Mab.
1200 3377 1231 3449 2,
1251 3375 1327 3456 223)
1345 3371 1421 3456 jam
1436 3376 1470 3438 in

296 3473 409 3558 glossis
425 3473 557 3536 vetustis
573 3475 689 3538 nostris
702 3475 950 3540 Oxoniensibns.
976 3477 1017 3538 In
1029 3477 1117 3540 Mob.
1131 3499 1138 3538 :
1156 3477 1234 3540 laeui
1247 3477 1355 3560 (hodio
1371 3479 1466 3556 haul,

296 3611 340 3632 =
353 3577 417 3654 sol,
433 3577 523 3660 goth.
541 3577 640 3662 oduil)
666 3587 694 3656 1,
715 3585 766 3644 27.
786 3585 816 3658 2,
836 3585 910 3644 208.
932 3581 999 3645 hun
1014 3584 1072 3660 (=
1085 3585 1230 3665 somnus)
1254 3588 1285 3659 2,
1305 3589 1380 3645 374.
1407 3584 1470 3648 heu

296 3685 444 3766 (serere),
469 3682 517 3767 yd
535 3681 639 3769 howyt
658 3685 778 3766 (sotum
799 3697 847 3749 est
855 3710 864 3761 ;
889 3686 929 3750 cf.
946 3697 1047 3769 praet.
1071 3697 1132 3750 sot.
1156 3687 1213 3750 lat.
1234 3687 1313 3770 scot)
1331 3693 1368 3764 2,
1389 3693 1466 3752 221.

297 3794 371 3852 222.
394 3787 525 3852 kedweli
546 3791 639 3872 (ραις
663 3789 788 3853 hibern.
807 3802 870 3854 vet.
893 3793 958 3874 sid)
976 3799 1012 3868 3,
1032 3797 1105 3854 305.
1138 3792 1179 3853 In
1201 3793 1280 3876 Leg.
1301 3799 1331 3854 l.
1353 3799 1406 3856 1⁰.
1429 3802 1465 3856 7:

295 3895 414 3960 hebone
430 3893 542 3976 (solem
568 3893 692 3958 hibern.
710 3903 772 3956 vet.
790 3893 912 3971 sebooo,
929 3895 974 3978 gl.
994 3916 1103 3979 copus,
1121 3895 1207 3978 Sg.).
1239 3897 1333 3960 Addo
1348 3919 1468 3980 prono·

294 3999 384 4062 mins
396 3997 534 4083 yrdwn,
552 3995 658 4072 hwnn,
675 4017 729 4081 yr·
750 3997 813 4062 hon
829 3999 906 4080 (hio,
924 4000 1020 4075 hsoo;
1038 3999 1162 4064 hibern.
1180 4001 1289 4083 in-so),
1306 3999 1386 4078 hun,
1406 4002 1467 4066 luc·

295 4125 378 4178 nan,
407 4101 533 4164 ebusan
559 4099 659 4183 (ipse3
688 4101 811 4166 hibern.
841 4113 904 4166 vot.
930 4103 1054 4186 sosine)
1080 4104 1125 4188 sq.
1168 4103 1313 4170 Plusims
1338 4103 1404 4168 slis
1431 4106 1469 4168 in

295 4205 417 4269 lexicis.

381 4335 411 4393 2.
436 4331 477 4392 In
496 4330 601 4393 medio
622 4341 654 4394 st
674 4335 738 4396 fine
756 4355 886 4398 vocum:
910 4333 1017 4398 shows
1038 4336 1095 4415 (=
1109 4335 1196 4416 esox)
1220 4333 1309 4396 Mob.
1328 4337 1365 4409 2,
1386 4339 1465 4396 233.

297 4439 369 4496 234.
394 4434 488 4498 tram
509 4435 639 4515 (audax,
657 4445 821 4512 strennus3
846 4437 970 4501 hibern.
988 4449 1052 4502 vet.
1078 4447 1173 4514 tresa,
1200 4447 1302 4502 tressa
1324 4438 1464 4520 (fortior,
