3184 5078
295 389 355 451 121
571 388 599 452 Ι.
628 393 656 450 1.
703 405 1174 451 1111111111111111111111.

291 579 390 634 creec,
406 578 479 640 pec,
497 555 586 640 peis,
609 559 745 641 proean)
761 557 804 640 fq.
829 555 962 640 dyplow
985 557 1121 637 (dexter)
1143 553 1187 636 fq.
1212 553 1325 617 anlon
1347 555 1458 636 (mors)

296 671 367 740 171,
387 670 417 726 1.
438 669 511 738 231,
530 669 561 738 2,
579 673 611 726 11
625 663 671 724 sic
685 663 720 724 in
736 661 956 724 terminatione
971 661 1096 723 numeri
1111 659 1243 742 pluralis
1258 680 1331 722 -ow.

379 769 546 831 Interdum
560 767 653 830 obvia
668 768 727 830 EU
741 777 831 830 extra
845 787 973 830 causam
984 765 1164 828 infectionis
1176 765 1212 828 in
1222 767 1343 830 Vocab.
1356 789 1363 827 :
1375 788 1459 848 pern

288 895 387 956 praec
402 874 459 956 (gl.
478 873 583 954 toral),
601 873 700 936 leuel
712 872 798 954 (sol),
808 872 951 956 sostenen
966 871 1024 954 (gl.
1043 871 1183 952 calcias),
1198 871 1342 934 eckidien
1358 875 1460 952 (sotu-

291 978 398 1059 lares).
431 979 473 1040 11
488 980 578 1041 Pass.
596 979 668 1042 EW
684 977 854 1041 infectione
877 989 946 1040 orta
960 987 1009 1040 est
1023 998 1062 1039 ex
1077 999 1142 1040 ow:
1166 978 1236 1061 eso
1251 977 1371 1061 dewlye
1388 977 1464 1040 totol

292 1082 476 1164 (consilium
490 1083 599 1166 cepit),
616 1106 637 1168 y
653 1085 731 1147 deul
743 1084 785 1167 es
792 1107 809 1145 o
825 1083 932 1167 tewlys
949 1081 1132 1163 (consilium
1144 1081 1212 1165 ejus
1224 1093 1386 1146 statutum
1397 1085 1460 1162 est)

295 1197 345 1266 15,
366 1195 395 1250 3.
413 1194 487 1264 211,
508 1195 537 1250 3.
556 1210 690 1274 1111111311
705 1189 908 1270 (cruxifixus)
927 1193 998 1264 189,
1019 1193 1049 1250 3.

376 1295 519 1358 Incertae
540 1295 657 1358 vocalis
676 1305 749 1378 post
768 1293 1006 1378 diphthongum
1020 1293 1165 1376 exempla
1180 1293 1320 1356 cornice:
1345 1293 1457 1370 lowen,

292 1399 410 1476 lonene,
430 1400 567 1463 1111111111
590 1400 719 1482 (laetus)
736 1402 826 1464 Pass.
847 1405 904 1475 71,
923 1406 954 1460 1.
976 1405 1052 1474 115,
1072 1403 1102 1460 2.
1122 1403 1245 1474 211,1.
1263 1399 1461 1482 poweeoupl

291 1503 488 1587 (quiescite),
510 1527 690 1587 poweaaens
706 1505 936 1588 (quiescebant)
952 1503 1029 1568 ibid.
1049 1510 1101 1579 61,
1121 1509 1151 1565 2.
1171 1509 1244 1579 251,
1265 1511 1294 1566 1.
1325 1505 1459 1566 Adden-

290 1611 369 1672 dum
390 1609 453 1692 adj.
481 1611 575 1674 lower
596 1612 745 1694 (multus)
768 1613 858 1674 Paeo.
878 1615 956 1686 210,
978 1617 1011 1686 1,
1036 1631 1056 1672 1
1076 1631 1138 1691 quo
1159 1607 1264 1672 differt
1283 1609 1459 1692 scriptione
1562 1591 1563 1606 ¹

292 1714 361 1776 loar
377 1715 450 1795 (sat,
470 1715 644 1798 sufficiens)
661 1723 712 1792 51,
732 1725 763 1779 4.

375 1819 608 1882 Armoricae
634 1821 834 1886 variationes.
873 1821 1054 1906 originaria
1074 1821 1174 1884 forma
1194 1821 1255 1884 AU
1276 1821 1382 1884 elucet
1403 1823 1458 1884 ad-

290 1925 354 1987 huc
376 1946 394 1986 e
414 1925 543 1988 nomine
562 1925 692 1989 chanao
713 1927 767 2008 (cf.
786 1929 903 1991 combr.
926 1939 990 1990 vet.
1010 1929 1184 1990 Mercenon
1204 1926 1239 1988 in
1259 1925 1315 1988 lib.
1333 1925 1456 2002 Laud„
1562 1923 1563 1994 Ῠ

290 2041 323 2092 11
345 2032 445 2092 subst.
463 2030 581 2106 keneu,
605 2032 747 2108 candus,
766 2033 884 2096 animal
902 2032 1094 2115 juvencum,
1120 2033 1209 2094 Mub.
1229 2037 1265 2107 2,
1284 2037 1358 2092 210.
1378 2037 1455 2094 225.
1562 2043 1563 2046 ’

253 2177 255 2182 ,
292 2139 553 2218 2111311311)
575 2139 660 2219 apud
683 2138 816 2222 Gregor.
840 2140 1065 2214 Τ111111.1,1.
1098 2139 1138 2200 In
1160 2136 1344 2200 nominibus
1365 2137 1458 2200 char-
1562 2139 1563 2178 l

291 2241 478 2304 tulariorum
492 2263 549 2324 pro
564 2263 607 2304 un
621 2251 670 2304 est
684 2243 762 2306 OU:
787 2245 959 2306 Jonmonoc
974 2243 1084 2306 Chart.
1103 2243 1208 2306 Rhed.
1229 2249 1257 2318 1,
1279 2249 1329 2304 lo.
1349 2247 1380 2318 2,
1401 2247 1456 2304 21.

290 2345 455 2409 Jouwoion
475 2345 553 2410 ibid.
571 2349 654 2410 Mor.
674 2352 747 2410 265.
775 2348 915 2424 Gnidon,
933 2347 1111 2424 Blacltion,
1129 2347 1280 2410 Dvaniou
1300 2347 1336 2409 in
1351 2347 1455 2410 chart.

291 2452 496 2534 Kemperleg.
522 2454 604 2516 Mor.
630 2459 703 2516 441.
728 2459 801 2515 161.
835 2454 989 2537 Gnrpnon
1014 2452 1114 2516 chart.
1139 2452 1244 2516 Rhed.
1274 2454 1358 2516 Mor.
1378 2459 1454 2516 319.

289 2557 442 2620 Haelnon
460 2565 488 2634 1,
507 2565 537 2620 4.
555 2558 706 2634 Bndnon,
724 2558 874 2622 Artlmou
889 2557 966 2622 ibid.
984 2559 1068 2620 Mor.
1088 2563 1161 2620 272.
1181 2565 1254 2620 307.
1272 2559 1454 2634 Loudinoc,

288 2664 449 2726 Lonterwc
466 2669 495 2740 1,
515 2669 566 2725 39.
586 2669 637 2725 11.
656 2671 708 2726 13.
726 2665 859 2726 Locren
874 2663 951 2726 ibid.
969 2663 1053 2726 Mor.
1073 2669 1146 2726 339.

375 2769 538 2832 Infecta
559 2768 778 2852 diphthongus
794 2779 826 2832 et
840 2769 991 2832 armorice
1005 2781 1054 2834 est
1069 2770 1146 2846 EU,
1163 2779 1202 2832 ut
1215 2779 1305 2852 patet
1319 2791 1337 2832 c
1352 2768 1456 2832 nomi-

240 2873 242 2878 ’
288 2873 383 2956 nibus
399 2874 580 2958 compositis
596 2895 669 2937 cum
680 2896 755 2938 voce
770 2896 828 2938 en:
844 2877 972 2952 Endon,
986 2877 1117 2939 Euocat
1130 2885 1190 2937 etc.
1209 2875 1264 2956 (cf.
1280 2878 1349 2956 97).
1372 2875 1456 2938 Tam

288 3001 354 3042 non
369 2979 504 3042 infectae
519 2991 626 3044 autem
649 3001 745 3062 quam
766 2979 900 3044 infectae
921 2981 1040 3044 vocalis
1062 2981 1216 3064 posterior
1229 2982 1268 3043 fit
1282 3001 1311 3042 w
1325 2991 1456 3064 propter

290 3097 474 3167 sequentem
489 3086 645 3148 vocalem:
664 3085 758 3150 Lowi
772 3086 902 3167 (cambr.
920 3085 1022 3162 Leni,
1040 3086 1158 3170 Lepet)
1173 3087 1274 3149 chart.
1293 3085 1403 3148 Rhed.
1422 3091 1452 3162 2,

292 3195 342 3252 15.
360 3191 460 3253 Ewen
475 3189 552 3254 ibid.
573 3199 602 3267 1,
623 3198 652 3253 5.
673 3195 723 3254 32.

374 3295 510 3358 Insertio
532 3297 648 3360 vocalis
671 3309 745 3360 ante
765 3297 920 3380 liquidum
941 3297 1106 3362 finientem
1128 3309 1223 3381 atque
1243 3297 1361 3360 solutio
1376 3297 1454 3360 item

288 3398 481 3483 diphthongi
496 3402 536 3462 ob
551 3411 734 3484 sequentem
746 3403 887 3466 vocalem
901 3402 1023 3466 obtinet
1037 3403 1072 3466 in
1087 3425 1162 3466 voce
1178 3405 1275 3466 lowen
1291 3406 1350 3484 (=
1365 3403 1451 3478 111111,

289 3503 380 3586 hun)
400 3505 434 3568 in
457 3506 637 3589 compositis
658 3507 708 3570 vel
731 3507 879 3570 derivatis
902 3507 1084 3572 nominibus
1106 3507 1300 3572 Chartularii
1321 3507 1450 3570 Rhed.:
1557 3523 1558 3604 p

287 3611 449 3672 Lowenon
470 3612 552 3674 Mor.
573 3619 644 3674 361.
667 3613 869 3688 Lowinidl,
890 3620 941 3676 12.
965 3615 1141 3676 Lowenoar
1158 3623 1193 3691 1,
1213 3621 1243 3676 8.
1273 3613 1452 3676 Winlotoen
1557 3617 1558 3642 l

291 3721 320 3790 1,
342 3721 392 3776 16.
415 3716 583 3780 Jndlowen
600 3723 636 3794 2,
657 3725 707 3781 16.
730 3719 900 3782 Drehwen
918 3723 947 3796 2,
967 3725 1019 3781 21.
1039 3725 1090 3782 23.
1119 3718 1301 3782 Trehlowen
1320 3725 1349 3795 1,
1369 3725 1400 3780 5.
1420 3725 1449 3779 6.
1557 3713 1558 3718 ’

292 3819 452 3883 Gallowen
470 3827 502 3898 1,
528 3827 579 3885 26.
599 3828 650 3886 23.
677 3829 716 3900 2,
736 3827 787 3886 27.
814 3825 1042 3908 Arpantlowen
1060 3831 1095 3900 1,
1115 3830 1166 3886 37.
1198 3825 1258 3886 Est
1283 3825 1369 3888 enim
1395 3845 1452 3907 pro
1555 3835 1557 3868 ⁴

289 3925 396 3988 oedem
418 3947 509 4003 voce,
534 3937 572 3990 ut
597 3931 714 3992 cambr.
736 3929 867 4013 puellm
889 3953 946 4013 pro
968 3940 1084 3992 vetust.
1107 3929 1252 4006 velletren,
1271 3940 1304 3992 et
1323 3928 1451 4012 scriptio

289 4029 359 4093 lon.-
384 4033 496 4095 Oatlon
519 4035 576 4115 (=
594 4035 770 4110 cartonen,
788 4055 897 4118 pugna
916 4035 1072 4118 gaudens)
1092 4042 1125 4110 1,
1146 4041 1175 4097 1.
1197 4041 1246 4096 13.
1269 4034 1451 4118 Arpantlon
1555 4055 1556 4076 ³

289 4137 346 4216 (ι-
359 4137 598 4219 Arpontlowen,
613 4151 743 4222 argento
757 4143 914 4224 gaudens)
930 4147 958 4216 l,
970 4147 1022 4202 36.
1039 4122 1174 4204 diction
1189 4147 1217 4216 1,
1230 4145 1260 4202 2.
1284 4141 1404 4204 Urblon
1420 4147 1448 4216 1,

289 4244 340 4302 21.
363 4242 508 4305 Gradlon
524 4245 607 4307 Mor.
627 4249 699 4308 265.
716 4247 865 4310 Prostlon
882 4248 964 4310 Mor.
985 4251 1057 4308 329.

374 4346 415 4409 Ι1
435 4349 606 4412 recentiore
627 4350 755 4435 lingua,
779 4352 848 4434 jam
868 4352 901 4414 in
924 4353 1000 4414 Vite
1022 4352 1158 4414 Sanctae
1180 4351 1335 4426 Nonnae,
1357 4347 1450 4412 rediit

287 4454 362 4529 AU,
378 4452 413 4514 in
424 4451 479 4515 illo
490 4453 570 4518 libro
582 4477 705 4540 semper
716 4457 832 4542 scripta
842 4459 949 4522 AOU:
964 4459 1047 4522 daou
1059 4457 1150 4539 (duo)
1162 4455 1206 4540 fq.
1221 4477 1305 4539 paon
1318 4455 1445 4538 (11111111
