3232 5074
317 390 380 452 336
510 391 557 452 11.
583 399 613 452 4.
660 409 760 454 Pseu.
780 409 869 452 unm.
888 409 1107 453 rossussu'uu
1123 408 1284 452 iunixun.

316 557 433 622 tristari
451 560 556 642 coepit
571 559 619 622 vir
638 581 738 624 eunus
757 571 790 624 et
804 582 885 624 uxor
899 581 958 622 sun
971 571 1004 622 et
1019 557 1085 620 filis
1100 561 1172 640 sun)
1188 559 1276 620 Mnb.
1297 562 1327 632 2,
1348 565 1397 618 17.
1423 567 1485 642 nyt

316 664 432 726 attatei
443 687 484 750 yr
499 688 538 727 vn
553 687 637 750 mwy
650 687 708 728 noe
715 665 811 750 yilyd
820 669 901 746 (non
911 665 1075 748 respondit
1085 685 1170 726 unus
1181 663 1255 746 plus
1266 683 1363 745 qunm
1375 661 1483 726 socius

315 791 404 846 suus,
419 793 515 854 quam
530 771 623 851 alter)
643 779 670 846 1,
687 776 759 832 258.
780 771 957 856 draeyefyu
972 770 1021 851 (in
1037 781 1160 852 tergum
1175 790 1281 845 suum,
1296 767 1367 844 viri,
1381 773 1482 848 retro)

316 877 404 939 Mab.
422 875 466 958 fq.
498 875 663 939 Vetustior
683 876 784 940 forma
806 875 983 938 inondum
1004 885 1139 958 tangens
1162 885 1348 957 sequentem
1369 893 1482 936 conso·

314 1005 389 1046 unm
411 981 529 1064 legitur
549 980 584 1042 in
607 981 713 1044 codice
729 980 906 1044 Lichfeld.:
933 981 1051 1044 1111111111
1073 980 1132 1043 hai
1144 981 1247 1044 cettetl
1259 981 1312 1060 (T.
1331 989 1364 1042 et
1377 1000 1483 1062 genus

313 1088 396 1170 ejus)
413 1087 484 1150 Lib.
502 1088 605 1149 Laud.
623 1086 760 1168 append.
778 1107 811 1168 p.
831 1090 904 1148 271.

402 1193 510 1255 Fem:
533 1215 555 1276 y
577 1193 668 1254 rodet
688 1190 811 1254 hanner
824 1215 845 1275 y
863 1192 995 1276 yysoetd
1010 1191 1093 1254 edun
1111 1237 1118 1254 .
1140 1239 1147 1253 .
1169 1239 1176 1252 .
1194 1190 1340 1275 acdwbyl
1351 1211 1387 1252 oo
1400 1189 1484 1252 henr

313 1321 352 1360 ae
371 1298 513 1381 huryant
531 1319 570 1360 ae
585 1297 724 1381 thlyeseu
739 1297 930 1379 aeywyttlon
945 1317 985 1360 ar
998 1296 1107 1381 Itynny
1123 1296 1235 1376 (dedit,
1253 1295 1481 1379 comes,d1m1

313 1402 403 1466 dium
425 1401 559 1464 dominii
581 1401 632 1464 sui
653 1400 765 1484 ipsius,
784 1411 817 1464 et
839 1411 942 1464 totum
964 1401 1044 1484 ejus,
1063 1401 1252 1480 comitissae,
1271 1401 1341 1464 suri
1362 1411 1394 1462 et
1409 1397 1480 1482 ejus

312 1507 436 1591 argenti
449 1517 482 1570 et
496 1506 565 1590 ejus
580 1527 789 1590 gemmarum,
806 1516 838 1569 et
853 1505 922 1589 ejus
936 1507 1060 1570 obsides
1075 1511 1250 1592 praeterea)
1267 1507 1355 1570 Mat.
1376 1513 1404 1582 1,
1423 1511 1477 1566 311.

312 1611 430 1697 edryeh
439 1633 542 1674 -aoruc
557 1611 1034 1696 lunetdraecltefyn(respice1e
1048 1613 1152 1695 eoepit
1164 1613 1291 1692 Lunetn
1304 1611 1340 1674 iu
1351 1623 1479 1694 tergmn

312 1737 424 1792 suum,
441 1719 538 1798 retro)
554 1717 643 1780 Mnb.
664 1723 692 1792 1,
714 1723 764 1778 19.
798 1719 912 1798 Praep.
936 1739 958 1801 y
973 1739 1047 1780 cum
1062 1717 1250 1801 pronomine
1264 1718 1303 1780 fit
1317 1739 1371 1778 oe:
1392 1716 1479 1800 yduc

311 1821 421 1886 hithuu
440 1822 531 1906 eseyb
553 1822 652 1906 oellyt
667 1823 775 1904 (duxit
794 1822 864 1905 ipsa
884 1821 1046 1906 episcopos
1068 1824 1109 1886 ed
1130 1823 1237 1886 aulam
1260 1819 1478 1896 1111111111οωί-

313 1927 402 2008 tissa)
420 1929 507 1990 Mnb.
529 1934 557 2002 1,
577 1933 628 1990 21.

396 2032 587 2116 Ampliatio:
613 2055 651 2096 ae
671 2041 753 2095 waet
770 2042 866 2117 ynteu
886 2056 930 2117 yn
953 2035 1049 2118 rydeo
1064 2037 1110 2116 (et
1130 2034 1261 2116 sanguis
1283 2034 1352 2118 ejus
1367 2033 1478 2116 fluxit)

311 2141 400 2203 Mnb.
422 2147 450 2215 1,
470 2144 542 2201 246.
567 2161 587 2202 a
609 2138 712 2203 bonno
734 2138 845 2202 aelwir
867 2138 947 2200 kaer
966 2161 1007 2223 yr
1027 2140 1247 2223 enryuedodeu
1261 2163 1299 2203 ae
1313 2162 1357 2224 ny
1371 2141 1477 2202 tedam

310 2244 347 2308 m'
359 2245 425 2308 dim
440 2265 475 2306 oe
489 2243 733 2328 lientyuedodeu
747 2243 784 2306 ln·
797 2243 902 2328 et'tltyr
914 2266 936 2327 y
948 2245 1035 2326 yalw
1049 2245 1130 2330 velly
1144 2245 1191 2324 (id
1205 2255 1345 2308 castrum
1359 2243 1477 2306 dicitur

310 2361 448 2412 eastmm
470 2349 706 2424 miraculorum,
723 2369 782 2412 nee
805 2347 922 2412 scimus
946 2369 1003 2411 nos
1025 2349 1146 2432 aliquid
1161 2351 1200 2412 de
1215 2349 1284 2433 ejus
1299 2349 1473 2426 miraculis,

309 2455 372 2518 nisi
387 2455 471 2538 quod
486 2453 532 2517 itu
547 2454 680 2529 dieitur;
698 2454 787 2530 kuer,
805 2454 897 2534 fem.)
917 2461 945 2529 1,
965 2457 1037 2516 292.

393 2563 490 2626 Corn.
516 2561 548 2623 Y
567 2581 664 2622 masc.
682 2560 876 2635 destitimus,
895 2559 969 2622 sem.
995 2558 1154 2642 aspirans:
1180 2559 1234 2644 thy
1253 2561 1434 2645 yomfortye
1452 2585 1473 2644 y
1588 2627 1589 2640 2

169 2687 174 2698 ·
298 2664 343 2746 se
358 2664 518 2748 daunenyt
531 2665 586 2745 (nd
600 2664 668 2748 ejus
683 2664 956 2728 confirmationem
968 2663 1084 2726 missus
1099 2667 1161 2746 est)
1174 2666 1264 2728 Pass.
1284 2671 1333 2740 18,
1349 2672 1379 2728 3.
1391 2687 1473 2750 peey

309 2767 362 2853 thy
388 2767 458 2831 thas
479 2771 580 2851 (orare
602 2772 642 2832 nd
664 2781 788 2854 patrem
808 2791 914 2845 suum,
938 2779 975 2832 ut
996 2779 1103 2851 posset
1124 2769 1232 2851 Jesus)
1249 2777 1301 2846 53,
1320 2781 1351 2832 4.
1369 2791 1473 2854 pmys

307 2895 362 2936 ens
378 2874 432 2958 thy
447 2874 607 2940 liuhutdas
624 2876 740 2958 (parati
755 2877 846 2938 erunt
860 2876 901 2938 nd
915 2874 984 2956 ejus
999 2873 1243 2966 decusationem,
1258 2874 1411 2950 seminne;
1430 2876 1470 2937 ef.

307 2979 528 3053 cututhudioc,
550 2981 595 3064 gl.
621 2992 794 3060 aecusator,
819 2980 939 3042 Voenb.
964 2989 997 3041 et
1019 2978 1070 3042 tlte
1088 2978 1236 3072 yulmtlta
1258 2982 1348 3044 Pass.
1368 2987 1419 3055 34,
1439 2982 1472 3060 2)
1586 3031 1588 3036 ,

308 3091 359 3160 33,
379 3089 409 3146 2.
435 3084 489 3169 thy
508 3105 588 3168 yoar
609 3084 652 3169 hy
673 3108 694 3147 a
716 3085 890 3150 thanvonas
906 3085 961 3165 (nd
980 3083 1085 3146 virum
1100 3105 1206 3160 suum,
1224 3084 1384 3161 maritum,
1402 3084 1471 3167 ipsu

306 3190 408 3272 misit)
428 3195 498 3266 123,
520 3197 548 3252 1.
1586 3241 1588 3278 ,

390 3295 515 3357 Asmor.
534 3295 579 3358 E:
598 3293 785 3376 disquennet
798 3295 837 3358 de
851 3303 953 3358 metou
969 3296 1139 3377 (degressa,
1157 3295 1315 3372 columba,
1332 3295 1366 3358 in
1382 3317 1466 3373 eum,
1586 3335 1588 3384 2

306 3399 340 3460 in
355 3398 423 3482 ejus
437 3398 592 3480 medium)
608 3398 694 3462 Buh.
716 3405 787 3475 116,
808 3406 858 3461 17.
878 3401 917 3462 de
930 3423 1059 3486 yuynou
1075 3400 1122 3482 (in
1138 3400 1206 3483 ejus
1223 3422 1359 3484 ungues,
1378 3401 1469 3479 fem.)

310 3510 380 3579 1111,
402 3510 452 3564 11.

391 3609 480 3671 Plur.
503 3609 621 3672 cambr.
645 3609 673 3672 E
695 3611 861 3693 utriusque
883 3610 1008 3693 generis
1031 3614 1111 3692 (non
1133 3609 1297 3686 inficiens,
1320 3633 1353 3693 p.
1373 3615 1465 3690 203):

301 3713 394 3796 yoleu
406 3736 472 3796 yan
486 3737 508 3798 y
525 3723 579 3777 11111
595 3737 629 3776 oe
644 3715 766 3778 1111111111
779 3716 850 3795 (lux
866 3717 906 3778 ob
917 3715 1074 3798 fulgorem
1084 3738 1125 3778 ex
1136 3717 1231 3779 armis
1243 3719 1366 3798 eorum)
1379 3715 1466 3778 Mat.

307 3825 335 3895 1,
352 3824 403 3881 24.
423 3818 588 3883 trannoetlt
602 3843 623 3904 y
639 3820 783 3904 hymertlt
797 3845 818 3905 y
828 3821 943 3902 pedeir
951 3824 1105 3905 ywrayed
1113 3843 1152 3886 ar
1162 3822 1340 3905 huyet‘ntae
1351 3817 1470 3884 meircli

304 3945 341 3984 ae
362 3923 458 3986 diluit
472 3926 558 4007 (post
576 3937 702 3988 noctem
726 3925 801 3988 tulit
816 3925 931 4010 viginti
946 3938 1083 4008 quatuor
1097 3927 1246 3990 mulieres
1261 3939 1293 3990 et
1307 3947 1403 4010 equos
1418 3947 1469 3988 es-

303 4049 375 4092 rum
390 4039 422 4091 et
437 4041 540 4092 vestes
555 4035 678 4112 earum)
698 4038 725 4106 1,
746 4037 797 4092 37.

388 4133 521 4198 Cornice
543 4135 672 4198 nonnisi
695 4135 795 4198 sonna
814 4136 960 4200 absoluta
982 4137 1105 4200 obtinet
1126 4137 1159 4200 in
1177 4140 1287 4201 Pass:
1310 4159 1392 4221 yatw
1407 4157 1471 4218 aya

300 4259 393 4320 yarm
417 4242 487 4321 (per
508 4240 677 4304 clamorem
699 4245 823 4322 eorum)
840 4247 870 4316 4,
891 4245 919 4304 2.
950 4241 1005 4326 bys
1026 4265 1070 4327 yn
1094 4265 1156 4325 aya
1173 4244 1277 4327 sryns
1292 4246 1408 4324 (usque
1429 4241 1470 4303 ud

303 4345 479 4426 principem
494 4348 617 4426 eorum)
636 4353 686 4421 76,
706 4353 737 4408 4.

388 4451 513 4512 Amor.
537 4449 567 4512 Ο
587 4449 621 4512 iu
646 4451 750 4514 Buh.:
780 4451 953 4536 retoneaff
971 4451 1034 4515 dun
1062 4453 1160 4516 droun
1183 4453 1337 4534 speredou
1363 4452 1408 4516 lta
1431 4454 1474 4516 do
