3204 5084
634 439 832 486 rainelmo.
1202 424 1323 482 XXVII

147 593 313 667 Conradi
331 606 370 668 et
381 592 560 668 Fn'derici
573 593 813 666 Barbarossae
825 591 1069 688 capellanum,
1092 591 1224 665 habuit
1241 615 1323 664 suc-

147 735 342 797 cessorem,
360 712 425 805 qui
444 711 635 785 ecclesiam
649 713 686 784 S.
700 711 852 807 Aegidii
867 713 885 734 ‘¹
896 711 1046 805 quadris
1058 721 1096 784 et
1106 709 1324 784 naturaliter

147 831 345 904 rubricatis
362 831 549 925 lapidibus
567 831 807 914 construxit’'‚
836 838 928 904 teste
941 831 1111 904 Hiberna
1126 831 1321 906 monacho.

148 949 333 1046 Gregorio
345 949 547 1022 Christiani
564 973 767 1022 mccessore
781 949 1042 1022 monasterinm
1056 949 1324 1024 Ratisbonense

146 1077 301 1166 regente
319 1069 582 1142 Vindobonam
604 1068 716 1140 etiam
741 1069 781 1140 in
804 1069 1066 1142 monasterium
1089 1069 1279 1142 Scotorum
1302 1091 1325 1137 a

148 1190 245 1260 duce
272 1188 452 1260 Heinrico
476 1187 688 1260 institutum
719 1187 922 1282 “viginti
948 1197 1143 1280 quatuor
1170 1184 1321 1258 fratres”

148 1309 219 1380 sub
251 1309 385 1380 abbate
416 1307 591 1380 Sanctino
623 1307 908 1388 descenderunt,
949 1305 1086 1398 aliique
1112 1305 1211 1378 Scoti
1245 1312 1324 1376 tum

148 1425 407 1498 Eichstadium
424 1425 586 1520 primum
604 1433 785 1496 venerunt
804 1423 913 1519 (Boll.
927 1425 1037 1496 Febr.
1061 1426 1097 1508 2,
1121 1425 1208 1496 371.
1226 1423 1319 1508 372,

150 1543 199 1616 cf.
223 1545 347 1616 Pertz.
381 1545 438 1626 11,
471 1544 571 1640 617).
626 1543 813 1616 Hibernos
836 1545 903 1616 hos
926 1567 1052 1616 omnes
1078 1553 1153 1616 tam
1174 1541 1325 1614 nomina

151 1687 265 1756 qnam
283 1663 444 1736 narratio
461 1663 543 1757 ipsa
565 1664 833 1749 demonstrant;
863 1663 1075 1736 recentioris
1096 1665 1247 1736 demum
1264 1683 1326 1732 aaa

152 1783 240 1854 tatis
256 1783 410 1853 abbates
427 1793 465 1853 et
481 1779 628 1864 fratres,
662 1806 684 1852 a
700 1789 846 1854 vetusta
862 1781 1087 1854 abstinentia
1104 1789 1142 1853 et
1159 1777 1326 1852 doctrina

152 1901 431 1995 degenerantes,
454 1899 636 1971 contraria
648 1907 828 1972 sectantes
845 1911 883 1974 et
897 1903 995 1972 bona
1005 1899 1321 1975 monasteriorum.

152 2020 245 2090 adeo
263 2017 423 2098 libros,
452 2017 713 2100 distrahentes,
736 2018 948 2114 junioribus
970 2018 1129 2112 epatria
1145 2041 1220 2090 non
1238 2017 1325 2088 sub-

152 2136 413 2228 sequentibus,
441 2135 601 2210 colonias
625 2161 709 2210 suas
732 2138 772 2210 in
790 2135 991 2210 Germania
1016 2136 1232 2208 continuare
1249 2159 1326 2215 non

152 2265 358 2350 potuerunt
379 2265 418 2328 et
435 2255 639 2330 Germanos
665 2279 888 2328 successores
904 2257 1132 2338 habuerunt,
1164 2255 1325 2349 primum

151 2374 399 2446 Vindobonae
417 2383 456 2446 et
472 2375 508 2446 N
510 2375 738 2471 orimbergae
756 2375 864 2448 annis
885 2375 980 2448 1413
1000 2383 1038 2446 ct
1059 2375 1168 2456 1418,
1191 2373 1325 2444 deiude

151 2491 386 2588 Wirziburgi
409 2517 442 2564 a.
470 2492 565 2566 1497
588 2493 696 2590 (Boii.
719 2495 829 2566 Febr.
851 2493 887 2576 2,
907 2493 994 2567 362.
1031 2491 1166 2565 Oeselii
1185 2490 1321 2584 Script.

156 2609 189 2694 l,
214 2609 302 2682 342.
326 2611 415 2682 344.
438 2611 539 2708 350).
586 2613 855 2686 Ratisbonense
881 2612 1143 2686 monasterium
1165 2607 1324 2704 primiti·-

149 2753 259 2813 vum,
289 2729 451 2802 Mariani
476 2732 597 2814 sedes,
626 2755 661 2804 a.
688 2733 783 2806 1552
810 2731 909 2805 bello
931 2734 1159 2804 destructum
1183 2725 1326 2800 interiit

155 2847 305 2944 (Rader.
327 2849 419 2920 Bav.
441 2858 568 2921 sancta
586 2851 621 2934 2,
645 2849 746 2946 222).

254 2967 551 3063 Distinguendus
573 2977 628 3041 est
656 2969 703 3040 ab
727 2969 860 3040 abbate
878 2963 1139 3040 Ratisbonensi
1156 2961 1326 3034 Mariano

150 3084 262 3157 Scato
288 3095 408 3158 aetate
433 3073 598 3179 aequalis
621 3087 714 3159 alter
732 3087 923 3158 Marianus
949 3087 1097 3166 Scotus,
1125 3083 1327 3154 monachus

149 3203 313 3298 primum
328 3203 514 3290 Coloniae,
537 3205 710 3300 deinceps
728 3205 892 3278 inclusus
905 3203 1047 3276 Fuldae
1061 3211 1098 3276 et
1111 3199 1326 3298 Magontiae

150 3311 253 3416 apud
278 3324 542 3398 monasterium
568 3325 607 3398 S.
637 3324 810 3402 Martini.
841 3325 908 3398 ubi
932 3325 1029 3396 circa
1053 3349 1086 3396 a.
1114 3321 1209 3395 1083
1234 3319 1327 3398 obiit

151 3439 288 3537 (Perta.
311 3443 347 3524 7,
372 3443 471 3540 484),
498 3442 662 3538 perfecto
680 3467 789 3538 opere
807 3443 1063 3539 chronologico
1082 3449 1119 3512 et
1135 3438 1321 3520 historico,

149 3561 258 3656 cujus
284 3561 400 3632 codex
427 3563 590 3656 aequalis
615 3587 662 3636 ex
687 3571 790 3656 parte
808 3559 959 3634 fortasse
986 3563 1032 3634 ab
1054 3559 1134 3654 ipso
1153 3557 1320 3650 scriptus,

148 3678 314 3772 primum
332 3680 577 3752 bibliothecae
595 3682 759 3777 ejusdem
776 3681 1005 3762 monasterii,
1034 3679 1168 3752 deinde
1187 3674 1327 3748 Palati-

151 3821 236 3881 nae,
259 3821 360 3869 nunc
378 3799 600 3884 Vaticanae,
633 3807 818 3872 vetustum
844 3799 1070 3895 poematium
1097 3799 1143 3868 dc
1168 3792 1327 3866 Benedi-

149 3915 273 3988 ctioue
292 3917 498 3990 Hiberniae
516 3928 636 3990 servat
655 3919 704 4013 (p.
727 3920 813 4016 944)
839 3930 950 4011 atque
967 3917 1040 3989 loci
1056 3915 1186 4010 hymni
1204 3913 1327 3984 hibera

149 4033 226 4105 nici
238 4035 279 4105 in
293 4035 331 4105 S.
349 4035 551 4107 Patricium
563 4037 788 4110 mentionem
800 4036 901 4110 facit.
912 4036 934 4080 ⁴*
960 4036 1049 4108 Fuit
1060 4035 1122 4106 hic
1135 4033 1327 4104 Hibernus

219 4282 233 4310 ⁹
251 4281 307 4336 Sed
315 4283 374 4354 jam
386 4286 458 4340 mala
469 4285 654 4340 intellectione
665 4285 811 4342 inusitatae
822 4287 923 4340 lormae
938 4285 1037 4355 (Perta.
1052 4287 1077 4346 1,
1092 4282 1152 4354 5²9)
1164 4301 1171 4335 a
1185 4283 1269 4334 Sucut
1280 4299 1327 4333 aa·

150 4385 208 4421 maa
226 4367 347 4422 Pam'cis'
363 4371 393 4424 r'n
411 4371 577 4441 tapatmaa.
607 4373 755 4442 Octhrcepc
773 4371 885 4424 diambae
903 4370 1039 4440 iescpmm
1056 4369 1182 4422 dccctlar
1196 4366 1261 4424 trab.
1283 4365 1325 4436 (0.

151 4469 213 4506 curn
225 4453 279 4508 luit
298 4455 420 4510 serviem
439 4465 557 4526 quatuor
576 4459 651 4529 vicis)
672 4457 764 4512 edint.
779 4455 919 4528 3hymni=
945 4456 1024 4509 datar
1042 4453 1077 4510 2¹10
1088 4453 1225 4524 catdrca'qe
1236 4452 1272 4506 al.
1287 4469 1327 4506 co·

151 4537 255 4610 tkraipa
266 4557 318 4611 pro
331 4540 477 4612 samona
492 4541 530 4612 (p.
544 4545 605 4608 943,
620 4549 678 4597 not.
695 4542 731 4612 1),
745 4541 909 4596 resiluisset
922 4540 1065 4611 Ootdraipc
1076 4539 1216 4611 proprium
1228 4553 1327 4592 nomen
