3204 5084
255 387 361 445 XXIV
742 398 939 444 rnnsrsrro.

259 564 378 627 torum
397 551 610 624 institutum
627 575 705 624 esse
723 551 869 636 dieitur,
892 552 990 636 Boll.
1007 553 1116 624 Febr.
1135 554 1170 636 2,
1193 553 1279 652 361)
1299 553 1432 630 funda-

259 682 316 745 tor
334 680 372 744 et
388 671 529 765 primus
550 671 663 742 abbas
681 671 893 744 monasterii
910 651 1187 768 peregrinorrrm
1205 697 1293 746 suae
1311 675 1433 770 gentis

259 791 352 876 fuit,
385 815 432 864 ex
450 813 524 881 quo
541 788 688 862 saeculo
705 791 854 862 demum
872 799 1048 884 sequente
1067 792 1166 865 scoti
1184 793 1297 864 etiem
1314 801 1434 865 trans-

259 911 384 982 ierunt
411 933 486 980 non
512 907 631 980 solum
656 907 955 1006 Wirziburgnm,
990 912 1054 984 sed
1082 911 1195 984 etiam
1218 911 1434 984 Norimber-

260 1053 366 1125 gem,
403 1027 665 1102 Vindobonam
691 1035 729 1098 et
756 1027 1024 1102 Eichstedium.
1079 1032 1140 1102 Ab
1166 1031 1237 1103 hoo
1263 1031 1433 1102 Mariano

260 1147 437 1242 scripturn
464 1169 541 1218 erse
576 1146 739 1217 codicem
765 1145 966 1220 Paulinum
992 1148 1336 1233 vindobonensem,
1367 1149 1435 1241 qui

259 1267 425 1339 eontinet
449 1263 728 1336 commentarios
745 1264 998 1338 interlineares
1022 1266 1081 1338 vel
1104 1240 1325 1364 marginsles
1348 1267 1434 1339 lati-

259 1409 326 1458 nos
351 1394 389 1456 et
419 1383 556 1480 glossas
583 1382 791 1456 hibernicas
815 1385 993 1476 quasdam
1023 1384 1111 1457 hine
1141 1386 1229 1458 inde
1260 1387 1308 1458 ad
1336 1411 1435 1458 mar-

259 1505 386 1602 ginem
412 1503 573 1598 adjectas
601 1501 748 1598 (Derris,
780 1501 896 1576 Codd.
918 1526 986 1574 ms.
1015 1503 1128 1576 theol.
1150 1504 1322 1577 biblioth.
1352 1504 1429 1599 pal.

260 1621 570 1704 Vindobonensis,
593 1620 665 1694 vol.
687 1619 719 1692 1.
737 1645 775 1716 p.
802 1621 833 1704 1,
856 1621 926 1694 eol.
950 1623 1019 1694 127
1034 1645 1089 1714 sq.
1127 1623 1301 1696 Lambec.
1323 1621 1434 1695 Com-

260 1751 375 1814 ment.
396 1742 432 1824 2,
453 1741 546 1826 749;
569 1737 750 1812 ef.Pertz.
770 1744 804 1824 7,
822 1742 895 1814 484
910 1748 987 1812 not.
1006 1741 1068 1813 22.
1087 1742 1161 1838 23),
1182 1743 1432 1838 colligendum

260 1869 333 1942 est,
362 1860 475 1951 idque
493 1855 633 1960 fartum
656 1881 733 1930 esse
758 1883 793 1932 s.
821 1860 915 1932 1079
940 1882 987 1930 ex
1004 1858 1093 1954 ipsis
1111 1860 1197 1956 ejus
1221 1861 1350 1957 glossis
1367 1887 1434 1956 ps-

261 1987 326 2051 tet.
337 1975 359 2019 ²*
398 1977 447 2049 Er
464 1975 593 2070 quaeri
611 1977 732 2060 debet,
756 2001 879 2049 annon
897 1977 1009 2049 etiam
1027 1979 1221 2050 abeodem
1239 1981 1288 2052 sit
1304 2004 1434 2053 exara-

261 2107 321 2172 tus
354 2097 497 2169 “codex
526 2093 760 2191 regulerum’'
795 2095 1246 2193 Claustroneoburgensis,
1287 2099 1327 2170 in
1358 2123 1433 2192 quo

260 2235 408 2289 carmen
425 2213 659 2290 hibernicum
677 2222 861 2288 servatum
879 2223 954 2298 est,
982 2239 1068 2288 cum
1093 2219 1214 2290 tradet
1237 2217 1435 2311 Dempste-

259 2360 340 2419 rus,
368 2335 580 2410 Marianum
606 2333 790 2427 scripsisse
816 2335 834 2354 “
844 2333 1013 2430 regulam
1035 2336 1083 2408 ed
1105 2334 1235 2408 fratres
1258 2335 1325 2407 lib.
1348 2335 1368 2406 I
1394 2343 1433 2408 et

260 2455 353 2528 alis
389 2451 449 2550 (cf.
476 2478 514 2548 p.
543 2452 617 2525 933
640 2451 752 2548 hujus
788 2451 907 2547 operis
935 2461 973 2528 et
996 2453 1092 2530 Bell.
1120 2455 1231 2528 Febr.
1260 2455 1296 2537 2,
1327 2453 1428 2550 363),

260 2583 298 2646 et
337 2572 567 2654 Aventinus,
612 2570 678 2664 qui
716 2568 790 2642 fuit
825 2570 1048 2644 Ratisbonse
1088 2580 1175 2646 ente
1215 2572 1433 2646 destructio-

259 2716 346 2766 nem
369 2689 581 2763 monssterii
607 2699 646 2762 et
673 2688 809 2762 viderit
837 2689 979 2764 codices
1006 2690 1187 2774 Mariani,
1223 2715 1309 2764 eum
1332 2690 1433 2764 dicet

259 2819 438 2907 poetam
462 2818 500 2882 et
523 2807 736 2904 theologum
766 2805 950 2902 insignem
984 2807 1055 2903 (ed.
1082 2809 1238 2905 Ingolst.
1260 2835 1298 2904 p.
1327 2809 1428 2906 553).

260 2931 363 3003 Num
394 2928 485 3022 quid
515 2935 553 3000 et
581 2927 622 3000 in
653 2926 734 2998 aliis
765 2925 995 2998 monasteriis
1019 2927 1212 3022 regionum
1239 2927 1433 3006 Danubie-

263 3157 472 3168 ...-.-—..-.--.

329 3302 394 3356 'In
410 3305 452 3356 1⁰·
471 3299 587 3371 legitote
611 3299 725 3354 saonam
743 3317 803 3354 case
821 3299 930 3356 insessi
951 3301 1104 3372 (ssbbstum
1123 3301 1259 3374 puohstls
1277 3302 1328 3356 hee
1339 3303 1431 3374 noete)

253 3387 336 3458 sdrl.
356 3384 437 3456 april.
455 3403 525 3439 anno
543 3383 645 3438 domins·
659 3385 918 3442 ,MAEXXVHJL
937 3389 1066 3443 Mamerti
1075 3387 1167 3442 masei
1183 3387 1286 3441 domine
1298 3387 1432 3442 miseere.

259 3473 295 3526 In
316 3475 373 3526 17¹2
399 3469 526 3525 Αεοοπείο
543 3469 646 3523 domini
662 3469 738 3524 hodie
755 3469 806 3525 VI.
827 3491 855 3525 n.
875 3472 950 3527 maii.
976 3492 1046 3528 anno
1065 3473 1167 3528 domini
1182 3473 1432 3528 M.LXXV1111.

260 3555 388 3611 Morr'rzm'
398 3555 490 3610 mereri
500 3555 604 3610 domine
614 3555 747 3611 moerere.
764 3553 829 3611 “Ad
840 3557 942 3613 codicis
954 3555 1087 3624 eslcem”‚
1102 3565 1134 3614 ut
1146 3565 1208 3614 uter
1213 3559 1321 3614 Denisii
1332 3558 1432 3624 verbis,

257 3639 272 3659 ‘¹
278 3641 440 3706 charactere,
455 3641 527 3696 utin
539 3640 666 3696 omnibus
679 3659 727 3696 seu
740 3642 827 3698 titulis
841 3661 890 3698 sou
902 3643 1157 3715 subscriptionibus,
1170 3643 1284 3698 miniato
1296 3639 1432 3714 legitur‘’=

260 3729 297 3782 In
310 3727 408 3780 sonora
425 3725 560 3780 indiuiduo
574 3725 703 3781 sinitote
715 3727 861 3782 Mamertus
873 3734 972 3782 scottus
988 3729 1097 3800 ser-speri
1115 3731 1185 3784 hune
1197 3729 1295 3784 lffimm
1306 3729 1433 3801 susbsta-

262 3809 348 3867 trr'bus
360 3812 521 3883 pereqrinis.
546 3811 648 3868 Anima
666 3813 722 3868 eim
733 3813 880 3884 requiescat
898 3813 926 3866 in
934 3832 1011 3884 poce.
1026 3821 1140 3885 propter
1151 3815 1228 3868 deum
1240 3815 1331 3870 deuote
1343 3815 1431 3872 dicio.

260 3916 348 3952 omen.
367 3897 456 3954 XVI.
477 3898 515 3952 kl.
536 3897 606 3952 iunii
622 3898 698 3953 leodis
707 3899 786 3968 serso
804 3900 854 3955 VI.
874 3917 945 3956 anno
963 3899 1065 3956 domini
1074 3899 1325 3956 mfflrffl.
1354 3901 1434 3956 Haeo

260 3985 352 4040 vivum
364 3983 518 4042 Marianum
531 3983 631 4042 futuris
651 3985 801 4056 peregrinis
819 3984 909 4055 gentis
927 4001 992 4040 suae
1010 3983 1100 4038 dicere
1110 3983 1169 4056 jam
1181 3984 1343 4038 Lsmbecius
1355 3991 1435 4055 pute·

259 4071 314 4136 νὴ,
335 4077 431 4125 neuter
450 4068 560 4133 ssltern,
582 4087 631 4123 neo
643 4069 805 4124 Lsmbeoius
823 4087 873 4123 nee
884 4069 1015 4126 Denisius
1034 4070 1156 4128 ultimam
1169 4071 1287 4144 glossam
1300 4087 1316 4123 e
1328 4069 1436 4126 diverse

259 4175 342 4212 manu
361 4156 481 4211 additam
500 4171 558 4214 esse
570 4161 703 4215 sssenrnt.
734 4155 888 4212 Aventinus
903 4154 940 4226 (p.
956 4155 1016 4226 55³)
1037 4153 1160 4228 loquitur
1178 4155 1213 4212 de
1225 4154 1354 4225 psalterio
1371 4171 1434 4212 eum

260 4241 453 4296 commentario
472 4257 487 4294 e
505 4239 605 4299 sanetis
624 4239 746 4310 patribus
765 4239 879 4294 collecto
897 4257 914 4294 e
932 4239 1074 4305 Mariano,
1103 4239 1178 4312 quod
1196 4239 1296 4299 vidisse
1314 4239 1432 4306 videtur,

260 4333 289 4381 et
299 4326 493 4397 praefationem
506 4341 540 4379 er
552 4342 585 4378 eo
597 4323 683 4390 som,
704 4341 773 4396 quse
786 4332 916 4388 testetur,
932 4325 1006 4396 quod
1018 4325 1160 4380 Marianus
1172 4343 1197 4380 s.
1214 4328 1280 4378 ¹074
1298 4322 1435 4396 “septimo

259 4410 484 4485 peregrinationis
496 4427 561 4472 suee
573 4407 660 4472 enno’'
674 4409 812 4480 scripserit
824 4410 852 4464 id
861 4428 939 4482 opus,
954 4411 1029 4482 quod
1041 4419 1073 4472 us
1084 4411 1113 4466 in
1125 4411 1179 4470 flne
1191 4409 1319 4482 adjicitur
1328 4407 1434 4470 “Geor-

259 4497 297 4568 gii
310 4496 384 4550 feriis
396 4496 494 4565 eoepit,
509 4493 630 4550 Metheei
643 4503 671 4548 et
683 4493 839 4548 Hemersmi
851 4492 965 4551 finivit.’'
