3204 5084
602 423 798 502 numerario.

375 659 631 732 CODICES
665 659 1011 734 HIBERNICI.

211 827 412 902 Hibernici
430 829 571 900 codices
597 839 763 903 vetustae
781 830 931 925 baguae
949 837 1188 902 monmnenta
1205 853 1279 905 ser-

107 955 238 1020 vantes
255 947 298 1018 in
316 948 470 1040 copiosis
487 947 701 1042 praesertim
718 949 858 1044 glossis,
879 947 1177 1020 interlinearibus
1194 946 1280 1040 plu-

106 1066 265 1148 rimum,
289 1065 434 1159 saepius
452 1065 564 1138 etiam
582 1065 864 1160 marginalibus.
893 1065 934 1136 in
952 1073 1049 1138 terra
1066 1065 1279 1138 continente

107 1191 258 1254 exstant
284 1183 409 1276 plures
433 1209 456 1256 a
477 1185 665 1256 monachis
688 1185 815 1278 scripti
833 1183 1012 1256 Hibernis
1029 1181 1100 1266 vel,
1131 1190 1175 1252 ut
1198 1190 1279 1256 tum

109 1301 287 1394 temporis
316 1303 551 1386 dicebantur,
590 1303 725 1387 Scotis,
758 1303 838 1396 jam
865 1326 888 1372 a
916 1300 1062 1372 sacculo
1085 1306 1190 1370 sexto
1213 1323 1280 1394 per

108 1419 300 1513 Europam
326 1419 577 1491 continentem
603 1421 650 1491 ad
680 1419 956 1513 propagandam
980 1418 1092 1490 fidem
1112 1415 1280 1500 christia-

6 1551 13 1562 ·
108 1561 197 1609 nam
215 1537 400 1630 dispersis.
431 1536 584 1610 Codices
601 1537 736 1609 servati
753 1559 843 1608 aevo
859 1535 1069 1631 Carlingico
1087 1538 1158 1610 orti
1175 1549 1273 1626 sunt,

108 1664 175 1726 aut
199 1654 304 1726 allati
323 1677 371 1726 ex
385 1655 589 1737 Hibernia,
628 1661 694 1726 aut
718 1653 831 1726 etiam
848 1653 975 1747 scripti
993 1655 1032 1729 in
1050 1659 1279 1732 monasteriis

108 1785 230 1846 terrae
248 1772 470 1844 continentis
495 1797 518 1844 a
535 1771 722 1844 monachis
740 1772 818 1867 ejus
844 1773 964 1868 gentis
982 1773 1097 1846 literis
1115 1776 1279 1850 hiberni-

109 1892 178 1974 cis,
208 1914 306 1983 quae
333 1890 423 1962 alias
451 1890 626 1962 dicuntur
650 1889 761 1962 etiam
779 1891 1096 1985 anglosaxonicae.
1144 1893 1221 1974 Qui
1238 1895 1279 1968 in

108 2010 282 2082 manibus
299 2009 391 2079 meis
408 2006 571 2091 suerunt,
594 2007 728 2084 servati
744 2007 785 2079 in
803 2009 1026 2092 continente,
1049 2010 1090 2082 hi
1107 2019 1206 2082 sunt.

218 2128 251 2198 l.
281 2125 409 2196 Codex
436 2125 618 2198 Prisciani
641 2126 768 2198 Sancti
797 2124 899 2196 Galli
933 2125 982 2220 (n.
1013 2128 1106 2210 904,
1142 2127 1183 2200 in
1208 2128 1277 2200 hoc

107 2267 219 2338 opere
237 2243 451 2338 designatus
469 2243 563 2340 Sg.)‚
592 2266 764 2337 magnam
790 2243 991 2338 glossarum
1014 2243 1149 2318 molem
1173 2269 1279 2340 prae-

107 2363 212 2446 bens,
236 2361 372 2453 quibus
388 2358 544 2434 refertus
565 2368 620 2432 est
638 2362 684 2432 ab
702 2361 810 2432 initio
828 2385 945 2453 usque
963 2364 1010 2433 ad
1027 2364 1184 2457 paginae
1203 2365 1277 2438 222

108 2479 321 2552 columnam
339 2481 538 2552 secundam
557 2469 683 2574 (222b),
706 2478 765 2550 vel
782 2503 899 2572 usque
918 2481 1093 2553 adfinem
1111 2481 1198 2556 libri
1215 2483 1279 2556 de-

108 2596 197 2668 cimi
215 2598 340 2688 quarti
352 2597 549 2680 Prisciani,
579 2621 602 2666 a
621 2619 696 2688 qua
718 2620 834 2689 usque
852 2598 900 2668 ad
917 2597 1085 2670 ultimam
1102 2600 1278 2695 paginam

109 2713 184 2786 249
203 2715 357 2787 rariores
375 2716 472 2786 fiunt
488 2714 642 2809 glossae.
690 2714 859 2786 Discerni
882 2715 923 2786 in
946 2715 1016 2786 hoc
1045 2717 1169 2788 codice
1194 2741 1278 2811 pos-

108 2839 196 2904 sunt
223 2843 295 2904 tres
314 2833 557 2927 glossatorum
580 2855 733 2914 manus,
761 2855 837 2904 una
863 2833 1044 2926 generalis
1069 2857 1136 2926 per
1159 2841 1278 2906 totum

109 2949 291 3033 codicem,
321 2949 480 3044 diligens
498 2957 536 3022 et
561 2949 677 3031 clara,
708 2948 748 3019 in
775 2948 902 3041 paucis
928 2957 1073 3020 tantum
1097 2949 1278 3024 columnis

107 3066 232 3138 locum
249 3071 429 3160 praebens
447 3067 554 3138 alteri
571 3067 699 3138 manui
718 3065 771 3161 (in
787 3060 861 3138 65⁵.
885 3067 958 3138 66¹.
981 3061 1056 3138 66“’.
1081 3069 1154 3140 67“.
1177 3062 1272 3165 orb),

107 3185 219 3256 tertia
236 3209 367 3258 manus
387 3185 450 3258 hic
467 3184 527 3258 vel
544 3184 621 3256 illic
638 3207 705 3278 per
722 3185 886 3257 codicem
903 3185 1081 3278 quasdam
1098 3185 1278 3280 adspersit

106 3301 299 3396 glossulas.

209 3419 364 3491 Glossae
388 3427 431 3492 ut
454 3420 495 3491 in
518 3421 599 3492 aliis
626 3421 812 3494 codicibus
838 3428 925 3494 sunt
942 3429 1008 3492 aut
1024 3420 1277 3493 interlineares

106 3547 172 3608 aut
189 3538 413 3631 marginales
472 3538 737 3634 Marginalium
759 3548 889 3612 notatu
907 3541 1041 3634 dignae
1059 3547 1146 3610 sunt
1163 3563 1277 3631 quae-

106 3657 194 3726 dam
220 3663 297 3726 tam
313 3655 451 3727 latinae
476 3680 588 3748 quarn
605 3657 829 3741 hibernicae,
861 3681 956 3750 quae
972 3681 1049 3729 non
1067 3659 1114 3728 ad
1132 3665 1275 3728 textum

104 3772 288 3844 Prisciani
311 3773 515 3866 pertinent,
544 3777 608 3848 sed
625 3775 743 3846 varias
765 3798 822 3846 res
840 3776 885 3846 de
903 3775 1100 3869 scriptione
1125 3774 1271 3858 codicis,

105 3899 183 3962 tem
200 3891 350 3984 porevel
367 3891 460 3975 aliis,
483 3916 579 3984 quac
597 3891 765 3986 scriptori
782 3891 822 3963 in
840 3900 1003 3964 mentem
1020 3891 1186 3974 veniunt,
1209 3915 1276 3963 no-

104 4015 199 4092 tant,
220 4031 254 4078 e.
272 4031 329 4102 gr.
346 4007 484 4079 latinae
499 4011 692 4102 quaedam,
715 4011 816 4082 157⁸:
839 4011 976 4106 locosq.
995 4011 1118 4082 calcus
1124 4009 1275 4105 patricii

105 4124 315 4221 depinxit*
336 4117 439 4198 209&
463 4127 569 4198 210²:
592 4127 675 4200 sodo
688 4131 750 4224 qui
765 4129 857 4224 legat
875 4127 950 4226 (sic)
970 4127 1126 4224 difficilis
1143 4131 1274 4201 assisto

171 4357 185 4386 ⁸
203 4357 336 4429 Sequitur
347 4357 413 4412 inde
431 4358 484 4414 slis
494 4375 591 4414 manus
601 4365 694 4415 textus
711 4360 777 4432 (non
788 4359 953 4430 glossarum,
976 4359 1004 4412 in
1017 4357 1116 4429 quibus
1128 4361 1218 4434 pergit
1229 4381 1275 4434 ge-

104 4441 201 4497 neralis
219 4443 330 4514 meum)
349 4461 437 4513 usqua
454 4443 489 4497 ad
511 4443 588 4510 194⁸,
610 4445 658 4499 ubi
675 4445 885 4516 suprascr-ibitur
901 4459 983 4514 supra
999 4441 1127 4514 paginam
1144 4445 1273 4517 donaque,

105 4528 177 4596 quod
188 4545 289 4582 nomen
301 4527 406 4598 danque
421 4527 523 4598 legitur
540 4529 622 4584 etiam
634 4529 663 4584 in
676 4533 738 4585 207·
746 4569 754 4596 ‚
773 4527 925 4600 scriptoris,
944 4533 976 4582 ut
987 4527 1110 4594 ridetur,
1131 4537 1162 4585 ut
1176 4531 1275 4585 Calvus
