3218 5068
332 400 399 463 III.
419 403 449 460 2.
482 417 621 463 maron
638 415 1159 462 anrrsnrc1cuusnasrarrrwuu.
1268 397 1330 458 533

161 573 240 634 dum
261 568 470 653 praeteritum
490 567 678 650 primarium
699 567 826 632 additur
847 567 1006 630 infinitivo
1021 566 1109 630 verbi
1123 567 1223 629 forma
1237 567 1326 629 auxi-

161 675 248 738 liaris
272 674 418 738 anomala
438 672 640 756 qwoeutltum
656 673 754 755 (feci),
774 693 829 755 pro
847 693 910 754 quo
925 693 1018 754 saepe
1033 670 1130 734 ctiam
1143 671 1260 755 legitur
1272 695 1326 756 9⁰·

160 801 276 865 regrum
292 779 448 863 (perfeci).
477 777 633 860 Exempla
648 788 822 860 sequentur
836 777 919 840 infra
933 777 1017 839 inter
1032 778 1178 840 anomala
1192 780 1252 842 sub
1266 801 1326 842 nu-

160 907 248 950 mero
264 885 311 947 ΙΙ.
338 885 408 946 Nec
424 883 535 966 ignota
548 893 625 945 sunt
639 883 717 946 hacc
732 882 828 946 ctiam
843 881 1002 944 cornicac:
1021 904 1064 944 aa
1076 902 1215 966 qroway
1231 905 1252 946 a
1266 905 1327 966 ray

158 1011 253 1074 yorre
274 1009 343 1052 war
362 988 449 1052 scoth
463 990 559 1053 Jesue
574 989 714 1069 (erucem
735 998 912 1071 posuerunt
932 1007 1027 1070 super
1046 986 1217 1050 humerum
1232 989 1325 1070 Jcsu)

161 1097 252 1158 Pars.
274 1100 345 1172 162,
365 1101 394 1155 s.

576 1335 701 1405 Verba
730 1334 909 1405 anomala.

245 1517 297 1580 Ad
325 1517 456 1580 verbum
484 1514 720 1578 substantivum
740 1518 895 1580 accedunt
916 1527 982 1580 tam
1003 1517 1098 1578 verba
1118 1535 1192 1612 cum
1214 1517 1325 1580 eodem

160 1622 334 1704 composita
364 1643 461 1704 quem
492 1621 554 1684 alia
570 1621 791 1704 *peculiaribus
817 1621 925 1684 formis
951 1645 971 1684 a
996 1621 1107 1684 ceteris
1132 1622 1321 1684 differentia.

160 1727 334 1810 Distinguo
349 1725 493 1790 omnium
507 1725 648 1808 quinque
663 1725 801 1808 agmina.

245 1833 274 1895 Ι.
306 1833 485 1896 Verbum
517 1831 829 1894 substantivum
861 1841 985 1913 praeter
1018 1834 1171 1914 quasdam
1203 1831 1323 1894 radices

158 1938 334 2021 peculiares
354 1936 524 1999 defectivas
546 1936 744 2019 significatur
764 1936 941 1999 britannice
961 1957 979 1998 e
999 1936 1104 2000 redice
1122 1938 1199 2018 Aa)
1215 1936 1323 2001 formis

158 2043 334 2119 nonnullis,
352 2042 497 2126 pluribus
512 2064 529 2104 c
544 2041 649 2104 radice
664 2043 734 2104 BA.

247 2155 276 2211 1.
300 2148 415 2210 Radici
427 2149 502 2229 Aa)
515 2146 735 2210 attribuendae
749 2146 898 2211 videntur
913 2148 1030 2212 formae
1045 2147 1219 2210 cambrione
1234 2169 1322 2230 prae·

158 2253 258 2316 sentis
268 2252 412 2336 primarii
423 2263 456 2315 et
467 2251 645 2315 secundarii
655 2253 734 2336 wys,
748 2253 946 2336 ydwffetc„
961 2253 1081 2328 cedron,
1095 2253 1248 2336 ydocdwn
1259 2263 1320 2316 etc.

244 2359 352 2420 Pracs.
369 2355 463 2438 prim.
496 2355 588 2437 Sing.
609 2364 637 2417 1.
655 2377 725 2437 ps:
749 2357 805 2418 ath
826 2357 967 2440 ewythyr
986 2358 1062 2439 eous
1076 2360 1124 2438 (et
1144 2357 1322 2419 avunculus

158 2464 334 2542 uitiosum)
351 2461 439 2523 Mab.
461 2467 489 2534 1,
509 2465 582 2520 247.
607 2460 695 2522 tanet
713 2459 791 2543 τομή
805 2461 946 2540 (Luneta
968 2464 1100 2540 sun1)l,
1121 2467 1171 2521 31.
1197 2461 1254 2543 Ityt
1270 2461 1321 2523 Ite·

157 2567 222 2631 dieo
242 2563 363 2649 ydwyfi
383 2585 426 2648 yn
449 2564 593 2644 dorparu
614 2565 730 2645 (usque
751 2561 844 2626 hodie
865 2584 937 2624 sum
959 2583 1085 2646 parans,
1111 2567 1200 2647 paro)
1220 2572 1248 2641 1,
1267 2571 1319 2629 25.

158 2678 189 2734 2.
207 2690 310 2754 pers:
333 2669 398 2754 tyn
415 2689 486 2752 ρων
500 2678 564 2752 coyt
578 2667 696 2748 (senior
710 2667 818 2749 vires)
838 2674 866 2744 1,
887 2673 916 2729 2.
933 2689 1011 2752 pwy
1026 2676 1091 2752 coyt
1105 2669 1189 2750 (quis
1205 2669 1272 2753 esi)
1289 2673 1319 2748 2,

158 2783 232 2857 215.
254 2797 295 2860 yr
312 2774 399 2860 hyan
421 2773 530 2857 ydwyt
549 2794 614 2856 yny
633 2771 768 2855 qeaeaw
784 2773 831 2856 (id
845 2774 930 2855 quod
945 2795 977 2836 es
993 2778 1161 2856 quaerens)
1180 2781 1208 2849 l,
1228 2781 1259 2836 5.
1289 2782 1319 2838 3.

155 2903 260 2966 pera:
288 2901 359 2943 moe
384 2877 535 2963 moytaf
550 2877 667 2960 qwreie
687 2877 816 2960 aqorafi
833 2899 885 2962 yso
906 2876 943 2940 le·
960 2879 1070 2960 (quem
1091 2877 1229 2942 maxime
1250 2901 1322 2944 amo

156 2987 338 3062 mulierum,
357 2995 405 3049 est
419 2987 469 3066 ea)
484 2991 513 3060 1,
531 2989 580 3045 17.
597 3006 619 3068 y
634 2982 761 3067 rydltau
775 2991 808 3046 ot
820 2981 906 3066 ydiw
919 2981 1103 3066 quaroleor
1117 2983 1275 3065 (liberare,
1294 2985 1321 3048 si

157 3091 261 3155 estin
281 3094 417 3173 carcere)
436 3097 464 3166 1,
484 3095 536 3151 22.
560 3097 618 3153 aet
638 3087 724 3172 ydiro
740 3087 839 3170 (quod
853 3109 919 3150 non
934 3087 1056 3170 existit)
1073 3093 1103 3165 2,
1123 3094 1196 3152 213.
1229 3091 1318 3154 Plur.
1427 3167 1429 3170 Ι

160 3204 189 3258 1.
206 3217 308 3279 pera:
335 3195 495 3259 cennadeo
513 3215 566 3278 ym
582 3193 618 3256 m'
630 3217 652 3278 y
664 3215 730 3277 yon
747 3193 835 3256 ertia
850 3192 961 3275 (legati
977 3214 1087 3256 sumus
1102 3195 1142 3256 eb
1157 3195 1213 3276 E.)
1230 3197 1318 3260 Mab.

158 3307 189 3378 2,
209 3307 260 3364 28.
283 3310 341 3365 nat
361 3299 479 3384 wrtdyt
499 3299 525 3363 a·
543 3301 641 3382 ydym
663 3298 747 3361 drist
767 3297 805 3362 ni
825 3300 924 3381 (quod
938 3319 1005 3361 non
1021 3309 1149 3382 propter
1164 3309 1195 3362 te
1210 3321 1320 3365 sumus

157 3406 276 3488 tristes)
291 3413 320 3483 1,
336 3411 387 3468 33.
414 3410 444 3466 2.
458 3419 560 3488 pers:
577 3403 812 3487 odwitlteupwy
823 3403 914 3487 ywclt
926 3405 995 3486 (vos
1007 3405 1063 3488 qui
1074 3405 1184 3488 estisi)
1199 3411 1228 3482 2,
1245 3413 1318 3470 216.

156 3511 293 3575 meredic
308 3532 398 3595 otoyr
414 3509 504 3594 yweh
519 3508 601 3572 edwi
615 3509 731 3590 (stulti,
749 3509 819 3586 viri,
837 3509 913 3572 estis
928 3511 997 3591 vos)
1015 3514 1045 3588 2,
1062 3515 1135 3573 228.
1166 3517 1196 3574 3.
1214 3535 1318 3596 pers:

156 3616 295 3680 colorari
313 3625 372 3701 yut
385 3615 431 3678 oll
444 3623 491 3695 (et
505 3635 614 3678 omnes
629 3625 705 3678 sunt
719 3614 879 3697 gigantes)
898 3622 927 3692 1,
946 3619 1019 3678 264.
1045 3615 1271 3703 kynedrroydet
1284 3642 1322 3682 ac

156 3722 239 3784 uwel
251 3730 337 3806 wyat
349 3728 408 3805 ynt
423 3723 536 3803 (aeque
551 3719 666 3782 celeres
681 3741 716 3782 ac
732 3720 826 3784 flatus
842 3721 930 3784 venti
945 3723 1035 3803 sunt)
1052 3725 1082 3798 2,
1103 3727 1175 3784 227.

240 3827 348 3889 PraeS.
367 3827 497 3888 secund.
517 3825 607 3908 Sing.
629 3833 657 3887 1.
675 3846 775 3908 pers:
800 3847 919 3909 aamya
935 3849 976 3889 aa
990 3827 1062 3888 mab
1077 3827 1184 3888 oedwa
1201 3825 1321 3908 i(non-

154 3929 218 3992 nisi
233 3929 347 3994 unicus
361 3929 448 3992 filius
464 3935 563 4012 eram)
577 3931 664 3994 Mab.
682 3937 710 4005 1,
727 3935 757 3991 2.
783 3936 813 3991 3.
831 3951 935 4012 pera:
954 3953 993 3993 ao
1006 3939 1065 4012 ayt
1078 3931 1138 3991 oed
1148 3931 1324 4014 qyaanked

153 4056 219 4118 φηγ
236 4055 316 4117 quer
335 4057 454 4119 aamya
473 4037 554 4099 aoed
566 4057 610 4118 yn
624 4055 665 4097 va
679 4033 794 4096 amad.
813 4056 852 4095 ao
864 4055 927 4118 yae
941 4033 1166 4116 ydoedpedea'r
1180 4056 1321 4121 morwya

154 4161 194 4203 ar
205 4138 336 4222 hoqeiat
348 4141 427 4220 (non
439 4151 530 4204 erant
541 4138 663 4202 incolae
674 4136 709 4199 in
721 4147 822 4198 castro
833 4135 897 4200 nisi
908 4137 964 4219 qui
976 4149 1066 4200 erant
1077 4138 1112 4201 in
1124 4139 1198 4202 aule
1212 4141 1318 4217 unica,

154 4255 187 4306 et
207 4243 252 4307 ibi
273 4255 364 4306 erant
385 4243 500 4327 viginti
522 4253 658 4328 quatuor
676 4242 815 4325 puellae)
834 4249 863 4318 1,
884 4249 913 4303 4.
946 4243 1036 4305 Plur.
1064 4250 1092 4305 1.
1119 4265 1222 4326 pera:
1255 4267 1320 4331 yny

154 4347 196 4410 lle
209 4347 361 4432 ydoedem
374 4371 418 4432 yn
434 4348 558 4412 odware
573 4348 622 4432 (in
636 4347 716 4423 looo,
731 4346 926 4410 abieramus
941 4347 1102 4431 ludentes)
1116 4351 1203 4413 Mab.
1221 4356 1251 4428 2,
1267 4357 1318 4414 21.
1367 4419 1372 4428 ,

156 4459 186 4514 3.
204 4473 308 4538 pers:
334 4474 416 4538 mwy
436 4477 453 4516 o
475 4455 573 4518 lower
592 4455 707 4538 oedyat
722 4455 825 4533 (eraut
846 4452 948 4516 multa
963 4453 1095 4538 majora)
1115 4462 1143 4532 1,
1165 4461 1214 4518 13.
1248 4457 1322 4521 For·
