3204 5084
626 449 821 494 rnanrsrro.
1215 434 1335 492 XXXV

142 602 451 676 animadvertitur
475 602 630 674 varietas
647 602 774 695 aliqua
789 611 955 676 vetustae
977 602 1150 698 linguae,
1178 625 1264 674 cum
1281 625 1315 676 e.

142 745 198 818 gr.
220 723 263 794 in
278 721 350 794 Ml.
372 722 539 794 obtineat
555 722 700 815 saepius
725 745 743 792 e
766 745 832 815 pro
848 725 888 794 ci
912 721 971 794 vel
995 725 1010 794 s'
1035 721 1143 794 solita
1165 721 1205 794 in
1223 721 1314 794 Wb.

143 853 181 913 et
206 849 289 912 orta
314 864 334 911 e
359 839 548 933 primitiva
574 865 615 922 a,
643 839 703 912 vel
726 840 766 911 in
784 839 845 912 Cr.
874 840 967 912 etin
987 839 1056 912 Ml.
1077 845 1116 912 ai
1132 839 1319 914 interdum

142 983 210 1053 pro
227 957 419 1053 primitiva
436 962 462 1030 i.
511 957 757 1049 Frequentius
783 957 893 1030 etiam
918 961 958 1030 ai
974 982 1085 1050 quam
1112 962 1125 1028 i
1147 958 1319 1032 scribitur

142 1076 184 1148 in
208 1077 336 1148 codice
361 1077 441 1172 eg„
487 1077 554 1168 qui
578 1076 877 1172 orthographiam
901 1075 991 1148 alias
1017 1077 1179 1150 ostendit
1201 1077 1318 1172 magis

142 1195 334 1266 excultam
351 1217 464 1286 quam
477 1195 601 1278 ceteri,
624 1193 835 1288 significans
851 1217 886 1266 e.
907 1217 963 1288 gr.
985 1201 1122 1268 statum
1139 1192 1318 1268 infectum

143 1313 337 1384 literarum
343 1311 379 1408 s
388 1322 427 1386 et
442 1338 462 1385 s
479 1313 585 1408 signo
603 1311 749 1384 delente
768 1324 807 1414 et
824 1319 960 1386 statum
978 1314 1113 1384 durum
1130 1311 1318 1397 hterarum

142 1455 189 1511 m,
213 1432 246 1512 b,
270 1431 351 1526 dy
379 1431 568 1526 duplicata
585 1429 781 1523 scriptione
801 1453 882 1510 mm,
906 1430 958 1510 bb,
981 1430 1040 1514 dd,
1057 1455 1120 1526 99,
1149 1454 1244 1522 quae
1262 1431 1319 1502 in-

143 1549 254 1620 solita
270 1559 327 1621 est
344 1549 487 1632 ceteris,
516 1549 779 1622 exhibentibus
803 1557 868 1620 aut
890 1547 1054 1643 singulas
1084 1550 1231 1620 easdem
1254 1558 1319 1622 aut

145 1679 277 1739 tenues
288 1693 318 1763 p
336 1667 399 1760 (z
419 1670 484 1764 bb),
508 1668 602 1763 tl:
616 1667 689 1762 dd),
712 1691 729 1738 c
749 1665 880 1762 (xpp)
900 1675 1026 1740 contra
1044 1666 1314 1762 etymologiam.

145 1785 247 1856 Usus
261 1787 393 1878 puncti
404 1786 560 1860 delentis
578 1783 862 1880 grammaticalis
876 1785 916 1858 in
930 1785 1008 1857 solo
1026 1787 1175 1878 quidem
1193 1787 1318 1858 codice

144 1903 209 1998 sg.
232 1904 414 1997 reperitur
441 1904 491 1996 (et
514 1927 561 1976 ne
578 1905 640 1975 hic
660 1903 821 1996 quidem,
850 1902 917 1974 ubi
937 1902 973 1974 ei
990 1903 1192 1975 meandum
1209 1929 1319 2000 regu-

143 2020 199 2092 las
216 2021 321 2092 locus
338 2045 416 2094 esse
434 2023 555 2104 debet,
578 2045 721 2114 semper
737 2021 898 2114 positum
916 2021 1129 2117 invenitur),
1163 2023 1318 2118 vestigia

143 2149 272 2210 tamen
289 2139 499 2233 duplicatae
516 2140 658 2212 mediae
675 2141 916 2215 indurandae.
937 2139 1105 2230 quamvis
1121 2163 1220 2222 rara,
1252 2165 1317 2234 ap

141 2267 280 2351 parent
295 2257 407 2330 etiam
433 2257 473 2330 in
490 2257 593 2340 aliis,
625 2282 658 2330 e.
681 2281 736 2352 gr.
766 2259 886 2330 robbr'c
912 2256 963 2350 (in
988 2257 1070 2330 aliis
1093 2257 1183 2330 locis
1201 2259 1311 2332 rebla.

142 2377 259 2472 ropia)
286 2365 469 2460 Wb.13‘¹‚
498 2377 659 2448 robbctcr
678 2377 739 2450 Pr.
759 2375 820 2448 (h.
844 2369 916 2456 (illl,
941 2374 1112 2472 sripcrqq
1136 2375 1233 2448 inter
1257 2401 1318 2449 vo-

143 2517 204 2566 ces
235 2493 444 2566 hibernicas
466 2519 602 2588 paucas
625 2495 760 2567 codicis
784 2494 980 2568 Bemensis
1003 2519 1042 2566 n.
1074 2495 1146 2568 363
1175 2493 1312 2578 scotici,

143 2612 212 2705 qui
230 2613 464 2708 adjudicatur
490 2613 635 2686 saeculo
654 2613 755 2684 VIII
778 2612 931 2684 exeunti
957 2613 1013 2684 vel
1031 2613 1094 2684 IX
1113 2613 1260 2685 ineunti
1276 2613 1317 2686 in

143 2732 309 2804 editione
336 2731 486 2803 Horatii
511 2731 701 2804 Orelliana
726 2730 862 2826 majore
887 2729 1165 2824 (Turici1843,
1198 2728 1314 2824 praef.

143 2875 182 2944 p.
209 2850 256 2944 1).
306 2849 393 2920 Non
415 2849 530 2944 igitur
554 2873 601 2920 ex
624 2849 690 2920 illa
710 2849 973 2944 orthographia
995 2847 1112 2942 magis
1135 2847 1236 2920 culta
1258 2872 1319 2920 co-

144 2967 237 3040 dicis
263 2967 328 3062 Sg.
360 2967 542 3040 recentior
571 2975 671 3040 aetas
700 2967 826 3061 colligi
854 2967 982 3045 debet,
1028 2965 1093 3036 sed
1123 2965 1246 3058 potius
1278 2965 1318 3036 in

143 3087 202 3158 his
237 3085 457 3158 differentiis
479 3087 592 3158 statui
617 3085 782 3160 diversus
809 3082 1018 3176 scriptionis
1042 3106 1129 3154 usus
1158 3083 1318 3156 diversa-

145 3221 356 3230 .——.-.--

144 3275 206 3336 ptor
219 3266 327 3320 celeber
339 3267 419 3320 credo
439 3267 467 3320 in
480 3267 567 3337 patria
584 3267 687 3337 lingua.
711 3265 787 3319 Aliae
799 3265 917 3318 occurrit
927 3282 1026 3318 nomen
1038 3264 1111 3335 apud
1124 3265 1317 3336 compositores

144 3351 299 3404 mbularum
311 3351 480 3418 hibernicos,
500 3353 547 3424 qui
566 3351 720 3406 hibernicae
738 3351 828 3422 gentis
840 3357 868 3404 et
879 3350 989 3420 linguae
1007 3350 1118 3404 nomine
1129 3359 1157 3404 et
1169 3351 1317 3422 proprieta-

143 3443 184 3490 tes
196 3453 248 3490 suo
260 3437 353 3501 modo,
367 3437 467 3492 fabulis
479 3438 681 3510 componendis,
696 3437 748 3493 sibi
766 3435 945 3508 explicarunt.
975 3436 1107 3490 Narratur
1119 3436 1192 3508 apud
1204 3437 1254 3490 hos
1269 3435 1315 3508 (cl.

143 3519 289 3572 0’Donov.
310 3519 415 3574 lutrod.
430 3539 458 3592 p.
472 3521 568 3576 xxlx
582 3531 609 3576 et
622 3523 723 3577 O'Con.
741 3526 762 3588 1,
777 3521 885 3592 Proleg.
900 3520 938 3586 ΙΙ,
954 3537 981 3590 ρ.
995 3519 1170 3575 LXXXVIII
1183 3521 1254 3591 ιφ),
1275 3537 1317 3574 re·

142 3621 205 3674 gem
218 3603 335 3658 Fortium
359 3606 496 3677 (scribitur
507 3607 642 3660 Phaenius
672 3608 744 3678 apud
765 3605 905 3661 Giroldum
930 3605 1047 3670 Combe,
1068 3603 1128 3658 aliis
1147 3604 1271 3658 Fonteiae
1289 3611 1317 3658 et

143 3706 205 3744 cum
217 3689 388 3746 Phoenicum
399 3691 510 3746 nomine
521 3693 724 3763 conjungitur),
747 3710 811 3746 suae
823 3693 934 3764 linguas
946 3697 975 3745 et
985 3691 1098 3744 aliarum
1111 3689 1313 3760 peritissimum,

142 3775 188 3830 cui
200 3775 306 3830 luerint
318 3776 385 3830 socii
403 3793 489 3847 seque
508 3777 588 3849 periti
604 3777 708 3830 caedat
723 3785 751 3830 et
762 3777 814 3830 Iar
833 3777 863 3846 (i.
878 3795 902 3830 e.
916 3775 1064 3846 occidens),
1081 3775 1197 3845 jussisse
1211 3774 1314 3828 Gaeda-

142 3859 200 3914 lum
212 3861 687 3932 linguampatriamdigorerein
707 3861 865 3932 quinque
884 3861 1078 3925 dialectos,
1094 3877 1236 3930 quarum
1248 3877 1315 3912 ma·

142 3945 232 4000 xime
253 3945 354 3999 culta
377 3955 412 3999 et
432 3947 594 4017 perlecta
612 3946 786 3999 nominari
805 3946 955 3999 deberet
971 3947 1011 4000 ab
1029 3943 1205 4015 ipsoBorlo
1220 3943 1313 4008 Ferae,

141 4037 248 4084 ceterae
272 4037 365 4084 eutem
389 4030 498 4086 dialecti
517 4031 561 4086 vel
578 4032 666 4086 omnis
683 4031 778 4101 lingua
796 4030 915 4102 vulgaris
933 4049 950 4084 s
968 4030 1087 4086 Gasdalo
1110 4029 1225 4084 dicenda
1245 4035 1317 4082 esset

146 4114 281 4184 Gorillwly
296 4115 456 4184 (Gaideloch
471 4134 514 4187 ep.
530 4116 649 4182 Girald.;
671 4115 741 4186 goel.
765 4115 881 4186 Gaelr'q).
913 4117 1001 4186 Leges
1019 4121 1142 4169 vetustae
1161 4113 1315 4166 hibernicae

142 4200 243 4253 diserte
256 4199 374 4252 dialecto
386 4201 494 4254 senione
506 4201 621 4272 scriptae
633 4201 770 4254 dicuntur.
801 4201 867 4253 Post
879 4201 949 4253 hanc
959 4199 1151 4264 nominantur,
1166 4198 1315 4251 recentiore

141 4285 257 4339 formes
269 4283 455 4351 distinetione,
469 4279 584 4355 politica,
599 4286 747 4352 dialectico,
762 4283 908 4357 physicalis
920 4283 963 4336 vel
975 4281 1116 4346 medicina,
1132 4289 1160 4334 et
1169 4282 1250 4336 solita
1259 4283 1315 4336 dia-

142 4370 228 4426 lectos
250 4371 392 4440 (ΕΜ,
407 4372 588 4436 etorscartlra,
604 4371 711 4436 attide,
724 4368 905 4440 ysemberti).
942 4365 1118 4420 Differentiae
1137 4366 1313 4422 dialectorum

143 4465 261 4525 quatuor
272 4455 437 4526 populorum
448 4455 636 4526 principalium
645 4455 680 4508 ab
688 4455 818 4508 Hibernis
828 4454 893 4523 ipsis
904 4458 1020 4520 quatuor
1028 4450 1149 4504 versibus
1161 4451 1316 4507 indicantur

145 4539 299 4608 (O'Donos.
314 4541 422 4594 Introd.
436 4541 544 4594 LXXII
557 4540 622 4610 sq.).
