3204 5084
285 391 391 450 XVIII
769 401 966 446 amariam.

286 557 366 630 fieri
390 555 545 652 rogavit.
574 557 600 646 †
626 554 663 626 S.
690 553 867 650 Ooaipoai
893 553 1068 649 episcopi.
1098 556 1125 646 †
1151 553 1189 626 S.
1212 554 1354 630 actosa
1379 559 1461 652 epi·
1594 653 1600 666 1

285 676 398 772 scopi.
421 679 446 768 †
465 673 620 770 Signum
638 671 797 746 Suatdar
814 673 887 767 epi.
909 676 935 766 †
958 673 1116 768 Signum
1133 673 1361 771 Moucamya'b
1378 676 1455 770 epi.

286 801 311 889 †
338 796 496 888 Signum
522 792 764 864 Ooaiccmriltc
792 791 867 886 epi.
911 794 937 883 †
968 791 1124 885 Signum
1151 791 1346 888 Doilpasso
1378 795 1454 888 epi.

286 918 312 1006 †
326 913 482 1009 Signum
495 909 720 982 Erdomaach
737 909 812 1003 epi.
838 913 864 1003 †
883 909 1040 1006 Signum
1052 910 1206 982 Hemcni
1217 913 1457 1006 presbyteri.”

286 1033 358 1104 Pro
373 1030 567 1125 Doilpasao
584 1027 786 1123 legendum
802 1036 901 1100 certe
919 1037 976 1100 ast
992 1029 1201 1124 Dattpcsso,
1231 1053 1318 1124 gen.
1338 1031 1460 1104 nomi-

285 1150 343 1222 nis
369 1147 469 1222 obvii
494 1147 535 1220 in
558 1147 684 1218 codice
707 1146 887 1218 Prisciani
914 1148 1077 1244 Doaspus.
1126 1149 1229 1220 Num
1254 1149 1366 1222 etiarn
1384 1157 1460 1222 sta-

286 1269 485 1350 tuendum,
514 1289 581 1360 pro
600 1265 849 1360 Mammas,
878 1269 977 1357 quod
1001 1275 1206 1338 monstrum
1223 1276 1280 1339 est
1294 1265 1388 1339 falsa
1404 1267 1459 1340 le-
1599 1293 1600 1308 ³

286 1386 407 1458 ctione
433 1392 574 1467 ortum,
607 1405 675 1455 nec
692 1382 926 1456 hibernicum
950 1407 1018 1456 nec
1035 1385 1288 1478 germanicum
1304 1409 1452 1468 nomen,

285 1504 486 1599 legendum
511 1525 589 1574 esse
609 1501 837 1596 Mailbripte,
865 1525 1001 1574 nomen
1024 1503 1065 1574 in
1090 1505 1220 1576 eodem
1237 1505 1458 1578 codice'me-

284 1629 479 1702 moratum,
501 1626 539 1691 et
556 1618 704 1690 nomine
723 1622 795 1691 iaia
811 1619 967 1700 madae,
989 1619 1067 1692 sive
1084 1620 1338 1715 interpretatio
1355 1623 1458 1694 insu·
1599 1639 1600 1712 1

284 1741 342 1814 lae
360 1737 500 1812 Matoci
517 1745 700 1810 statuatur
727 1737 803 1810 sive
820 1738 963 1810 insulae
987 1740 1222 1823 concharum,
1246 1741 1322 1836 joci
1347 1765 1458 1814 causa
1599 1733 1600 1784 ³

285 1885 308 1930 a
325 1858 523 1953 glossatore
547 1879 625 1928 esse
643 1855 884 1950 significatam
902 1856 1062 1928 insulam
1080 1857 1216 1943 Rheni,
1246 1860 1288 1932 in
1305 1883 1381 1952 qua
1396 1883 1458 1932 co-

286 1979 358 2051 dex
376 1977 454 2071 ipse
469 1983 570 2048 ortus
587 1973 723 2046 fuerit?

388 2093 605 2167 Monesterii
632 2093 823 2164 Scotorum
846 2091 1122 2188 Honaugiensis
1144 2096 1328 2189 praesides
1352 2104 1458 2168 vetu-
1599 2135 1600 2138 ¹

287 2216 415 2289 stiores
432 2213 572 2308 primus
586 2211 821 2294 Benedictus,
852 2221 1079 2298 constructor
1096 2214 1186 2309 ejus,
1209 2215 1315 2309 cujus
1332 2214 1458 2286 hiber-

286 2335 412 2407 nicum
426 2355 560 2404 nomen
572 2329 645 2402 fuit
658 2326 825 2402 Tubunas
838 2327 899 2424 (cf.
912 2331 991 2404 hib.
1004 2332 1091 2404 hod.
1105 2331 1222 2414 uitta,
1237 2331 1399 2404 calamus
1408 2333 1452 2428 i),
1598 2407 1600 2442 ᾖ

288 2455 468 2526 secundus
480 2451 658 2522 Dabanas
677 2447 834 2544 (hibern.
847 2448 994 2532 Dedan,
1008 2449 1191 2545 Nigellus,
1208 2453 1255 2524 ab
1269 2451 1343 2547 adj.
1355 2451 1452 2547 deb),

286 2573 326 2643 in
344 2570 480 2642 chartis
498 2568 660 2663 episcopi
678 2568 790 2640 etiam
808 2568 993 2651 dicuntur,
1015 2591 1090 2640 non
1103 2575 1227 2642 mmen
1242 2571 1308 2661 qui
1321 2571 1388 2641 hos
1400 2593 1458 2642 se-

288 2690 365 2762 cuti
374 2697 471 2772 sunt,
487 2687 697 2781 Stephanus
707 2694 745 2757 et
753 2685 891 2758 Beatus
899 2683 959 2779 (cf.
973 2685 1120 2758 Mabill.
1130 2709 1169 2780 p.
1182 2689 1243 2760 59.
1256 2689 1331 2785 60).
1360 2691 1458 2762 Fue-

287 2815 376 2878 runt
393 2830 480 2878 sane
497 2806 538 2877 hi
556 2805 718 2900 episcopi
738 2804 816 2875 sine
835 2803 1008 2886 dioecesi,
1026 2803 1178 2876 fortasse
1193 2807 1328 2900 gradus
1345 2808 1457 2902 paulo

287 2926 435 3021 majoris
462 2949 575 3016 quam
604 2922 808 3018 presbyteri
838 2945 938 2994 more
969 2921 1160 2994 hibernico
1187 2923 1247 3018 (cf.
1279 2925 1458 2998 Eckharti

288 3045 421 3114 Franc.
440 3043 506 3113 Or.
529 3042 561 3125 1,
581 3041 688 3135 273),
714 3049 752 3112 ct
766 3040 933 3111 doctrina
947 3039 1006 3110 vel
1021 3063 1154 3135 genere
1168 3050 1207 3113 et
1221 3043 1352 3137 opibus
1368 3044 1458 3117 insi-

288 3160 447 3254 gniores.
477 3159 584 3229 Circa
599 3157 763 3228 medium
779 3157 943 3252 ejusdem
959 3157 1107 3242 saeculi,
1124 3159 1230 3256 cujus
1244 3161 1351 3234 initio
1370 3164 1457 3234 data

289 3285 344 3348 est
361 3276 622 3356 ellatacharta,
640 3275 903 3351 monasterium
910 3276 1034 3350 Sancti
1043 3277 1158 3363 Galli,
1178 3303 1263 3352 cum
1274 3289 1458 3376 praeesset

287 3393 502 3468 Grimoldus
520 3395 632 3465 abbas
651 3415 727 3463 una
741 3414 826 3463 cum
838 3393 1048 3478 Hartmoto,
1066 3395 1195 3469 Scotus
1211 3399 1360 3471 Marcus
1372 3423 1457 3471 cum

287 3513 417 3586 sororis
444 3513 543 3596 filio,
572 3509 677 3607 cujus
694 3535 829 3584 nomen
853 3520 932 3584 erat
950 3511 1137 3610 Moenpal,
1168 3516 1289 3590 Roma
1313 3519 1457 3591 rediens

286 3632 449 3704 visitavit
471 3631 600 3722 ibique
627 3629 762 3700 mansit
785 3651 902 3721 usque
929 3632 977 3701 ad
1001 3641 1168 3705 mortem.
1215 3636 1292 3716 Qui
1323 3637 1459 3710 dicitur

287 3751 376 3821 item
396 3747 587 3844 episcopus
605 3755 643 3820 et
660 3747 761 3820 dives
778 3744 863 3825 fuit.
886 3771 971 3820 cum
987 3751 1175 3836 comitatu,
1199 3753 1303 3846 equis
1321 3765 1359 3829 et
1375 3781 1458 3830 mu-

286 3867 332 3940 lis
350 3867 594 3962 proficiscens.
641 3867 752 3938 Addo
769 3865 948 3938 librorum
966 3891 1094 3951 causa,
1117 3892 1274 3964 quorum
1292 3874 1336 3946 fit
1353 3897 1458 3948 men·

287 3987 357 4071 tio,
391 4011 486 4080 quae
511 3991 708 4057 narrantur
730 3985 776 4055 de
802 3984 907 4055 abitu
932 3986 1110 4058 comitum
1127 3989 1208 4084 ejus
1224 3990 1265 4062 in
1286 3992 1458 4086 Ratperti

286 4105 441 4178 Casibus
466 4105 503 4178 S.
526 4103 628 4176 Galli
655 4101 788 4198 (Perta.
812 4101 847 4183 2,
871 4103 955 4200 78):
992 4103 1147 4198 “Equos
1171 4115 1209 4180 et
1235 4107 1354 4181 mulos
1378 4109 1459 4204 epi-

285 4249 415 4318 scopus
441 4221 612 4306 tradidit,
640 4220 786 4292 libros
811 4242 917 4302 vero,
944 4245 1076 4294 aurum
1102 4233 1141 4296 et
1164 4225 1279 4320 pallia
1298 4229 1390 4300 sibi
1414 4239 1460 4302 et

285 4349 443 4414 sancto
462 4340 605 4414 Gallo
628 4335 846 4419 retinuit,
869 4337 962 4410 stola
979 4341 1128 4413 tandem
1146 4343 1300 4416 indutus
1317 4347 1459 4420 abeun-

283 4467 337 4530 tes
354 4459 558 4530 benedixit.
589 4455 721 4528 Multis
739 4467 862 4528 autern
877 4455 1038 4530 lacrimis
1052 4459 1240 4554 utrimque
1258 4463 1459 4540 discessum
