3232 5074
345 407 406 468 394
537 409 584 470 11.
611 415 641 470 4.
687 425 788 472 enon.
806 426 896 469 unu.
914 425 1133 469 nossnssrvun
1150 423 1311 470 rnrrxurr.

342 597 449 660 ynnen
467 597 522 661 ym
542 584 591 639 tot
603 577 746 659 (petebat
759 597 811 640 me
825 575 911 638 filius
926 575 1051 639 comitis
1065 597 1084 638 n
1099 595 1170 638 meo
1184 584 1274 657 petre
1289 577 1324 658 (y
1338 605 1383 626 ε
1396 574 1442 650 di,
1459 574 1507 636 hi·

343 681 432 743 bern.
451 681 496 758 di,
515 683 564 758 de,
582 684 636 763 ex)
655 689 683 758 1,
700 685 773 744 252.
798 703 841 767 ny
863 681 928 767 eya
947 704 986 766 vy
1009 679 1094 744 eneit
1104 677 1259 764 ymkorff,
1275 679 1422 764 ymeorff
1428 682 1507 758 (non

343 785 404 848 erit
417 786 524 849 anime
538 807 609 850 mes
623 787 658 849 in
673 807 801 870 corpore
815 809 886 850 meo
894 812 903 862 ;
923 811 944 872 y
959 818 1004 839 =
1017 785 1066 868 in)
1085 791 1113 861 1,
1132 791 1184 846 21.
1204 789 1256 846 32.
1279 792 1376 870 ynteu
1390 783 1507 847 alodlro

342 913 381 976 ey
404 891 524 954 meilen
545 893 696 977 quwyd
708 892 844 974 (occidet
864 891 947 954 filios
962 913 1048 954 meos
1063 889 1291 974 inpraesentia
1304 909 1386 966 mes,
1403 909 1507 952 eorem

341 1018 408 1070 rne;
430 998 537 1082 qurl
555 997 678 1059 hibern.
693 997 786 1080 flod)
806 1005 834 1072 1,
854 1003 905 1058 34.
931 999 1023 1060 eleuet
1042 1017 1096 1081 ym
1118 996 1152 1059 ol
1167 1015 1208 1080 γι
1221 995 1375 1080 weiryled
1387 994 1508 1076 (veniat

341 1112 413 1184 post
427 1123 478 1164 me
489 1101 525 1164 in
537 1123 701 1186 eampum
721 1103 762 1178 ol,
776 1105 916 1185 gressus)
932 1109 960 1179 1,
978 1109 1051 1164 240.
1069 1103 1113 1164 do
1123 1123 1174 1184 yw
1182 1099 1316 1185 qennff
1329 1121 1369 1162 eu
1380 1100 1508 1184 leymryt

341 1227 397 1268 rae
418 1227 458 1268 eu
472 1205 578 1291 kaffirl
595 1227 644 1270 om
656 1208 814 1292 qelynyon
829 1229 878 1270 om
894 1207 1025 1270 lonned
1037 1207 1155 1290 (plseet
1169 1205 1250 1268 mihi
1265 1225 1400 1280 sumere,
1418 1219 1505 1268 ente-

341 1332 437 1394 quam
453 1323 622 1375 sumantur
634 1313 674 1375 ab
686 1311 829 1375 hostibus
841 1311 919 1374 meis
931 1311 1033 1374 invito
1043 1315 1108 1394 me)
1124 1318 1152 1387 1·,
1170 1315 1221 1373 23.
1240 1310 1342 1395 ewlyl
1353 1331 1403 1372 om
1417 1309 1505 1374 aml-

340 1417 508 1480 erodraeth
530 1419 648 1498 (totum
668 1416 793 1500 imperii
813 1417 890 1498 mei)
908 1423 938 1492 3,
957 1423 1031 1479 274.
1055 1439 1099 1502 ny
1120 1416 1224 1480 weles}
1244 1415 1259 1478 ι’
1277 1416 1406 1478 eirntoet
1426 1417 1505 1496 (non

339 1521 405 1584 vidi
426 1543 484 1604 per
504 1533 641 1586 eetstern
662 1541 777 1597 meum,
795 1543 862 1584 non
884 1521 949 1584 vidi
969 1543 1130 1605 unquam
1155 1522 1303 1604 frequens
1318 1541 1392 1583 eum
1405 1519 1506 1583 infixo

338 1647 431 1709 pron.
450 1633 481 1688 3.
497 1647 581 1710 pers.
599 1625 727 1711 eiryoet,
744 1631 902 1709 unquam)
921 1634 949 1703 1,
969 1635 999 1688 6.
1021 1634 1071 1689 14.
1099 1625 1228 1690 hwdedr’
1248 1625 1434 1710 nquledff
1452 1647 1505 1689 arn

339 1732 462 1796 nomeu
476 1735 581 1814 (sume
602 1731 746 1814 gladium
766 1753 874 1794 meum
894 1743 927 1795 et
946 1755 1033 1796 orme
1052 1735 1149 1814 mee),
1167 1730 1318 1816 eymnrel
1337 1751 1391 1793 am
1404 1751 1505 1794 ereren

340 1840 473 1918 (equum
487 1857 595 1900 meum
607 1847 639 1900 et
650 1857 737 1900 mma
748 1839 832 1918 mee)
848 1844 876 1913 1,
893 1843 945 1900 25.
961 1843 1035 1900 261.
1051 1836 1266 1924 oynqweiesen
1277 1856 1330 1900 am
1341 1835 1506 1921 direttroyr

339 1941 444 2024 <pueri
458 1941 522 2005 mei
536 1953 569 2004 et
583 1941 666 2004 servi
680 1941 757 2023 mei)
773 1947 803 2018 2,
824 1947 896 2005 219.

426 2063 522 2125 Pron.
540 2063 745 2146 ampliatum':
768 2085 822 2148 ym
838 2066 871 2128 ol
888 2065 1002 2148 ispost
1015 2067 1081 2146 me)
1097 2065 1185 2128 Mnb.
1207 2069 1236 2141 1,
1255 2069 1328 2126 242.
1351 2083 1405 2149 ym
1417 2085 1505 2147 ywa-

318 2166 322 2175 '
339 2167 436 2232 hored
448 2168 544 2232 innen
560 2170 613 2249 (ed
627 2169 830 2232 invitandum
845 2173 910 2251 me)
929 2177 957 2246 1,
979 2175 1029 2232 19.
1501 2245 1505 2252 ⁴

422 2291 519 2354 Corn.
534 2301 567 2352 et
580 2311 693 2353 ermor.
709 2291 757 2352 M.
785 2292 901 2354 Corn:
921 2291 991 2376 why
1007 2313 1028 2354 a
1044 2291 1130 2356 theth
1146 2263 1232 2377 thyla
1247 2313 1291 2376 yn
1303 2311 1407 2353 aroow
1419 2289 1504 2353 them

338 2395 476 2458 temeres
499 2393 582 2458 thom
597 2417 710 2480 syneye
726 2394 811 2460 thom
822 2419 953 2482 paynye
969 2399 1038 2480 (vos
1053 2395 1168 2460 venitis
1184 2396 1223 2459 ed
1238 2415 1289 2458 me
1304 2394 1339 2458 in
1354 2393 1449 2458 umis
1464 2395 1505 2457 ed

338 2521 389 2562 me
401 2499 602 2584 capiendum,
613 2521 664 2562 me
677 2501 861 2578 tenendum,
871 2523 922 2565 me
933 2500 1156 2576 cruciandum
1168 2501 1320 2564 infinitivi
1331 2499 1506 2564 construeti

336 2615 375 2666 ut
395 2604 604 2680 substantiva,
628 2615 738 2667 eontra
762 2611 813 2682 61,
833 2614 869 2669 4:
895 2607 975 2671 theto
994 2607 1149 2683 bernerus,
1167 2629 1241 2669 eum
1263 2607 1363 2669 forma
1382 2625 1505 2688 posses-

336 2708 396 2772 sivi
415 2709 577 2792 absolute)
590 2711 680 2773 Peos.
701 2717 752 2788 74,
774 2719 802 2774 1.
822 2719 852 2774 3.
877 2733 929 2776 am
950 2711 1074 2775 sendell
1093 2711 1205 2796 dibtry
1228 2733 1249 2774 n
1272 2731 1340 2774 tero
1362 2713 1394 2792 (e
1413 2709 1505 2772 lance

336 2836 407 2878 mea
422 2816 507 2896 edet)
525 2821 577 2892 43,
598 2821 627 2878 3.
654 2816 705 2879 tlte
724 2817 884 2901 wortloff
897 2840 932 2879 oe
953 2817 1028 2880 lom
1050 2817 1120 2902 loys
1135 2817 1189 2897 (de
1209 2837 1259 2879 me
1280 2829 1313 2879 et
1332 2816 1402 2899 lege
1417 2817 1503 2894 rnen)

338 2925 396 2996 66,
425 2925 452 2982 1.
496 2921 575 2984 Post
599 2920 847 3004 praepositiones
874 2921 1057 2985 terminatas
1084 2921 1231 2984 consonis
1263 2919 1381 3004 legitur
1406 2919 1505 2982 etiam

335 3024 435 3088 forme
447 3045 519 3088 nm:
537 3047 579 3088 an
592 3025 684 3089 barth
697 3025 808 3110 dylow
817 3047 900 3111 qens
912 3048 965 3090 om
977 3047 1034 3089 eor
1045 3025 1093 3108 (in
1105 3037 1194 3110 parte
1205 3025 1317 3088 dextra
1328 3045 1401 3088 eum
1412 3033 1506 3106 petre

335 3133 420 3212 meo)
441 3137 492 3208 ιι,
512 3137 542 3192 s.

419 3253 564 3314 Armon:
589 3275 637 3316 em
657 3254 749 3316 ealon
770 3251 896 3333 don(i11
911 3273 981 3316 meo
997 3253 1088 3316 eorde
1103 3251 1274 3336 profundo)
1291 3250 1376 3314 Buh.
1396 3257 1425 3326 4,
1449 3255 1501 3312 11.

337 3364 388 3432 30,
408 3363 438 3417 4.
462 3377 511 3419 nne
531 3379 576 3440 yn
599 3359 642 3419 da
665 3359 743 3420 doen
766 3357 878 3420 wsteni
890 3357 1064 3440 dampnet
1079 3360 1130 3438 (eo
1145 3359 1185 3420 ad
1200 3355 1376 3420 faciendam
1391 3377 1504 3438 quere-

335 3461 399 3522 lem
413 3459 526 3522 merito
541 3465 625 3542 meo)
644 3465 715 3539 126,
732 3469 762 3524 6.
782 3461 943 3546 dramfez
958 3465 1028 3545 (per
1042 3483 1146 3525 meum
1161 3463 1273 3538 fidem;
1292 3463 1363 3543 dre)
1379 3465 1450 3537 158,
1465 3467 1501 3522 3.

325 3565 450 3648 froneq
471 3586 524 3628 am
545 3587 669 3650 anqnen
692 3566 785 3648 (liber
807 3591 826 3630 a
846 3589 916 3630 meo
940 3568 1059 3650 dolore)
1079 3575 1150 3644 144,
1170 3573 1199 3629 2.
1222 3588 1276 3630 mo
1296 3565 1404 3652 eaffou
1423 3565 1503 3629 leam

333 3692 450 3734 sennan
466 3669 708 3752 (sollicitudines
724 3695 812 3736 mene
827 3685 860 3736 et
874 3695 950 3736 cure
964 3677 1048 3756 mee)
1066 3676 1117 3749 52,
1140 3677 1189 3734 17.

419 3795 508 3860 Plur.
524 3799 641 3862 cembr.
659 3799 708 3862 N:
727 3823 748 3884 y
764 3797 989 3884 mynncleesen
1000 3797 1141 3862 nweletssst
1151 3797 1187 3861 di
1195 3820 1239 3882 yn
1249 3797 1363 3880 portel
1371 3799 1408 3861 ni
1418 3801 1503 3878 (mo—

332 3901 452 3966 neehse
474 3923 553 3984 ques
577 3903 684 3968 vidisti
706 3903 740 3966 in
762 3905 937 3968 nutritione
959 3913 1086 3980 nostre,
1111 3903 1289 3967 nutrientes
1311 3907 1383 3984 nos)
1406 3903 1501 3966 Mnb.

336 4012 457 4082 1‚2s‘r.

416 4129 514 4192 Corn.
538 4141 571 4192 et
592 4153 706 4195 ermor.
733 4133 777 4194 N.
810 4133 926 4196 Corn:
950 4131 1090 4215 winone
1113 4129 1186 4194 then
1208 4153 1329 4194 eneooro
1351 4130 1505 4212 (salvatio

328 4213 498 4296 ¹unimebus
521 4234 651 4316 uostris)
675 4238 765 4300 Psss.
788 4243 822 4312 1,
842 4243 873 4298 4.
901 4257 1001 4319 ruqon
1027 4235 1182 4319 menonql
1208 4235 1329 4300 rebillis
1352 4239 1507 4320 (propter

331 4346 454 4400 nostros
469 4337 656 4402 rebelliones
671 4341 804 4422 multos)
822 4346 851 4418 2,
871 4347 901 4402 3.

415 4457 559 4522 Αιιιιοι.ι
579 4461 660 4524 detto
671 4445 810 4544 onnwff
817 4462 914 4526 boden
929 4461 991 4525 den
1006 4463 1113 4526 ennwl
1125 4464 1187 4528 don
1202 4463 1313 4547 queen
1328 4463 1419 4544 (veni
1433 4485 1506 4526 me·
