3204 5084
637 435 836 481 rasnrsmo.
1214 411 1319 482 XXIX

248 588 397 661 Horum
416 613 512 661 unus
531 590 721 662 doctorum
740 589 992 674 Hibernorum
1015 590 1177 662 codicem
1195 591 1321 664 Pauli-

7 761 9 784 ,
142 731 234 779 num
260 731 308 778 ex
329 707 515 780 Hibernia
541 707 719 779 attulerit.
767 709 876 780 Addo
903 718 1027 782 tamen
1050 710 1108 783 his
1131 710 1314 794 omnibus,

143 829 247 918 quod
268 827 310 898 in
327 825 450 898 indice
469 825 606 898 saeculi
623 825 713 898 noni
730 826 928 898 vetustiore
942 827 1118 900 librorum
1136 839 1320 901 monaste-

142 945 190 1016 r'ii
210 945 250 1016 S.
274 944 377 1016 Galli
399 945 497 1018 inter
514 944 626 1016 libros
644 945 794 1018 scottice
817 944 970 1040 scriptos
988 956 1185 1020 occurrunt
1208 947 1319 1040 '‘Epi-

141 1061 258 1136 stolae
282 1063 392 1134 Pauli
415 1063 456 1136 in
480 1063 553 1134 vol.
584 1063 637 1134 Ι.”
665 1061 735 1157 (Of.
761 1063 1001 1136 Weidmanni
1018 1065 1119 1138 Hist.
1141 1065 1313 1138 biblioth.

143 1182 182 1253 S.
216 1181 339 1264 Galli,
380 1189 418 1253 et
441 1181 586 1253 Kelleri
610 1182 817 1254 Comment.
844 1183 890 1254 de
920 1184 1026 1256 codd.
1055 1183 1255 1256 hibernicis
1277 1185 1317 1256 in

140 1300 321 1375 Helvetia
339 1301 542 1383 asservatis,
564 1299 605 1372 in
623 1301 800 1397 exordio).

247 1419 375 1491 Codex
400 1419 537 1490 saeculi
563 1419 654 1490 noni
670 1417 730 1492 vel
753 1419 887 1490 decimi
905 1419 1040 1492 dicitur
1058 1422 1174 1493 codex
1192 1419 1318 1492 Pauli-

141 1563 213 1610 nus
227 1537 544 1632 Wirziburgensis
559 1537 746 1610 Eckharto
759 1538 800 1609 in
812 1537 893 1610 loco
912 1561 1022 1632 supra
1034 1539 1157 1622 allato,
1180 1537 1317 1610 saeculi

140 1657 252 1739 noni,
284 1655 422 1756 saeculi
438 1655 527 1728 fere·
540 1655 692 1740 decimi,
723 1664 761 1728 et
785 1655 1031 1729 bibliothecae
1057 1657 1231 1729 ecclesiae
1257 1681 1318 1728 ca-

142 1775 321 1847 thedralis
346 1775 387 1847 in
416 1775 497 1848 aliis
527 1775 576 1870 (1,
599 1777 687 1848 272.
711 1775 811 1870 847).
860 1775 934 1854 Sed
957 1783 1033 1848 tam
1055 1775 1187 1871 lingua
1204 1800 1317 1868 quam

140 1894 325 1989 scriptura
342 1903 397 1966 est
414 1896 554 1974 eadem,
577 1918 673 1987 quae
688 1893 830 1966 obtinet
843 1893 883 1966 in
898 1895 1022 1965 codice
1031 1894 1324 1998 Mediolanensi,

141 2014 232 2084 dum
259 2013 440 2084 Prisciani
465 2011 714 2108 Sangallensis
739 2013 855 2084 codex
881 2035 1086 2108 congruens
1109 2013 1149 2084 in
1174 2036 1317 2084 summa

140 2131 347 2226 peculiaria
373 2133 554 2225 quaedam
577 2131 701 2216 offert;
741 2154 761 2201 e
786 2131 959 2204 societate
979 2131 1111 2206 horum
1130 2131 1310 2214 codicum,

141 2273 235 2341 quos
257 2249 329 2321 viri
352 2251 451 2322 docti
469 2249 620 2343 quidam
642 2249 787 2322 saeculo
804 2259 932 2324 octavo
951 2251 1210 2338 attribuerunt,
1233 2253 1316 2322 abs-

141 2369 239 2440 trahi
258 2370 409 2442 omnino
426 2393 502 2442 non
519 2369 641 2440 debet.

246 2488 283 2559 3.
314 2487 441 2560 Codex
465 2485 752 2560 Mediolanensis
775 2485 1021 2560 bibliothecae
1048 2487 1332 2590 Ambrosianae'

142 2606 351 2699 (distinctus
368 2619 457 2678 nota
475 2605 518 2678 C.
541 2605 628 2688 301,
651 2629 673 2676 a
691 2628 749 2675 me
766 2602 883 2676 literis
893 2606 993 2703 ΜΙ.),
1016 2607 1219 2702 glossarum
1236 2632 1315 2679 mo-

139 2724 214 2795 lem
233 2725 428 2798 continens
451 2747 526 2796 non
554 2723 734 2796 minorem
760 2745 804 2794 ea
821 2746 934 2814 quam
959 2725 1124 2798 continet
1147 2726 1316 2798 codicum

141 2853 227 2915 ante
246 2843 430 2914 dictorum
447 2842 616 2935 quisque.
647 2841 745 2912 Eum
762 2840 803 2912 in
820 2840 1084 2914 bibliothecam
1101 2843 1315 2914 Ambrosia-

139 2985 228 3032 nam
255 2986 277 3032 e
294 2961 515 3034 monasterio
533 2958 709 3033 Bobiensi
727 2959 945 3032 uanslatum
963 2983 1057 3044 esse,
1088 2959 1200 3032 tradit
1218 2960 1314 3032 noti-

140 3079 194 3149 tia
210 3079 252 3150 in
270 3076 392 3152 fronte
410 3078 544 3152 codicis
561 3080 716 3152 haecce:
744 3077 882 3148 “Hunc
907 3077 1070 3150 codicem
1091 3087 1316 3150 commenta-

139 3197 282 3268 riorum
300 3197 338 3268 S.
361 3197 582 3292 Hieronymi
605 3197 646 3268 in
670 3194 840 3290 psalmos,
869 3196 1105 3292 longobardis
1128 3197 1315 3269 characte-

7 3361 8 3366 κ
138 3315 243 3388 ribus
261 3315 509 3408 conscriptum
529 3339 571 3386 ac
584 3313 681 3386 notis
700 3312 768 3384 vin·
786 3314 885 3386 docti
903 3316 1135 3409 adspersum,
1158 3317 1248 3389 scito
1266 3341 1314 3388 ex

7 3425 8 3442 ¹
138 3433 369 3505 bibliotheca
392 3433 502 3504 Bobii
524 3457 547 3502 a
565 3431 604 3503 S.
626 3432 856 3507 Columbano
882 3434 1053 3506 instituta
1077 3435 1253 3528 prodiisse
1272 3459 1314 3506 ac

139 3551 250 3622 Rmo.
274 3551 463 3622 Cardinali
481 3551 657 3623 Federico
675 3551 906 3636 Borromaeo‚
929 3554 1018 3624 dum
1031 3552 1314 3624 Ambrosianam

139 3669 406 3742 bibliothecam
432 3669 638 3742 Mediolani
660 3671 874 3755 instrueret,
911 3670 1025 3742 libros
1048 3670 1314 3765 manuscriptos

138 3787 308 3880 undique
335 3789 585 3882 conquireret,
619 3813 641 3858 a
663 3788 945 3884 religiosissimis
971 3790 1008 3860 S.
1031 3789 1224 3861 Benedicti
1247 3814 1314 3883 pa-

139 3907 430 3979 tribus'munere
447 3907 607 3978 vicissim
632 3907 775 4001 abipso
794 3907 902 3978 Rmo.
934 3909 1087 3990 donat0,
1116 3909 1314 4000 perhuma-

138 4025 236 4098 niter
260 4025 429 4098 oblatum
454 4023 566 4098 fuisse
597 4049 694 4096 anno
731 4027 825 4098 1606
851 4027 1017 4098 Antonio
1041 4025 1211 4120 Olgiato,
1248 4025 1313 4115 qui

137 4143 280 4238 primus
298 4168 382 4216 eam
399 4143 662 4216 bibliothecam
681 4145 863 4228 tractavit,
885 4143 1103 4239 praefect0.”

241 4261 500 4336 Inventarium
525 4261 703 4336 librorum
729 4263 941 4336 monasterii
966 4259 1158 4334 Bobiensis
1189 4257 1313 4332 conse-
1458 4353 1465 4358 Ι

139 4389 239 4452 ctum
258 4407 293 4452 a.
321 4381 415 4453 1461
446 4391 484 4452 et
509 4381 649 4452 editum
675 4382 722 4453 ab
740 4383 789 4454 A.
812 4383 956 4476 Peyron
983 4381 1024 4450 in
1042 4375 1163 4450 Praes.
1186 4379 1233 4450 ad
1251 4378 1314 4450 Ci-

139 4522 211 4570 cer.
232 4501 356 4573 Oratt.
379 4497 510 4593 fragm.
532 4499 689 4583 inedita,
720 4500 842 4594 Stutg.
868 4499 977 4582 1824,
1005 4498 1097 4570 haec
1124 4499 1170 4570 de
1188 4498 1312 4570 codice
