3218 5068
226 374 293 436 111.
313 377 343 434 2.
375 391 478 435 uuam
493 389 672 434 ursnauici
688 389 814 434 Passim
831 391 987 435 resinous
1005 391 1226 436 arcanorum.
1273 373 1333 436 471

254 539 503 604 Conditionalis:
520 539 683 626 sordcrad
701 539 774 602 duit
790 561 853 602 am.
872 540 928 602 did
937 539 1051 626 fa'adib
1073 540 1259 604 nocrocdtde
1273 543 1332 624 (gl.

169 655 245 708 ante
266 667 402 727 quorum
423 645 529 708 oculos
550 645 744 728 proscriptus
762 643 860 707 estin
874 645 963 707 vobis
978 646 1166 720 crucifixus3
1193 645 1215 708 i.
1234 667 1261 708 e.
1280 648 1334 708 ‹le-

170 750 306 834 scriptus
326 759 375 814 est
395 749 483 815 vobis
504 750 568 812 acsi
589 771 693 812 coram
708 749 797 812 vobis
813 749 1059 831 crucifigeretur,
1078 749 1238 833 Christus)
1255 753 1329 814 Wb.

173 853 236 918 19h.
255 877 318 919 am.
337 854 503 919 dobmate
518 855 575 936 (gl.
594 855 658 918 acsi
673 855 866 936 decalvetur)
886 859 946 916 11⁰.

442 1057 723 1121 Praeteritum
755 1055 1058 1122 secundarium.

252 1231 359 1292 Possit
379 1225 554 1310 exspectari
569 1229 746 1290 secundum
760 1225 939 1309 analogiam
955 1224 1186 1288 terminationis
1201 1228 1334 1290 cambri-

168 1355 222 1398 cae
244 1334 340 1418 hujus
364 1332 514 1416 temporis
537 1332 623 1407 -asa't,
642 1330 737 1408 ton,
756 1330 851 1394 etiam
872 1329 1036 1394 hibernica
1056 1339 1157 1405 -astc,·
1179 1333 1234 1394 sed
1257 1343 1333 1395 sunt

168 1439 261 1503 obvia
275 1438 356 1502 mihi
372 1438 516 1521 exempla
531 1437 686 1519 quaedam
702 1435 898 1499 solummodo
913 1435 983 1498 sine
998 1436 1089 1518 signo
1103 1435 1276 1518 praeteriti.

254 1543 470 1608 Indicativus:
489 1543 528 1606 de
542 1543 591 1604 ret
606 1539 687 1604 cilia
700 1539 952 1605 roainmm'cltthe
964 1541 1021 1625 (gl.
1036 1540 1267 1624 significatione
1279 1542 1331 1603 de·

168 1647 375 1725 nominativa,
393 1669 510 1710 nomen
526 1647 641 1722 indes,
660 1645 760 1708 Prisc.
780 1651 810 1723 2,
830 1653 867 1721 6;
885 1645 908 1708 i.
923 1667 951 1709 e.
969 1647 1009 1709 de
1024 1645 1087 1709 alia
1101 1667 1134 1708 re
1148 1646 1332 1709 denomina-

168 1766 238 1818 tum
254 1757 315 1837 est)
333 1755 388 1837 Sg.
409 1756 472 1816 31¹.

253 1857 502 1943 conjunctivus:
528 1855 662 1919 comdad
680 1856 749 1919 aad
767 1853 1001 1941 roaiamniqtde
1015 1857 1067 1937 (ut
1085 1855 1127 1918 sit
1140 1855 1216 1918 inde
1230 1857 1331 1919 nomi·

167 1968 294 2046 natum)
310 1965 367 2047 sg.
388 1958 473 2024 106⁶.

251 2065 501 2134 conditionalis:
520 2065 669 2129 ismmnaa
683 2065 721 2128 dt
732 2065 894 2129 rotante
906 2065 1004 2148 (idem
1016 2065 1046 2129 ei
1056 2065 1120 2130 acsi
1132 2077 1215 2130 esset
1225 2077 1328 2142 tonsa,

166 2175 297 2259 senuna)
313 2176 389 2240 Wb.
410 2175 471 2236 11⁶.
497 2173 541 2234 du
563 2193 606 2234 aa
627 2169 757 2234 raetdae
779 2179 831 2233 act
852 2169 1021 2234 oeataistiu
1044 2171 1110 2253 (cui
1131 2181 1226 2234 natus
1249 2183 1331 2235 esset

166 2279 295 2345 nonnisi
310 2301 394 2344 unus
410 2279 530 2360 infans)
547 2275 716 2340 Tirechan.
734 2297 785 2359 ap.
803 2275 928 2339 O’Don.
945 2297 978 2359 p.
998 2281 1072 2338 436.

482 2479 682 2543 Futurum
710 2477 1013 2543 secundarium.

252 2648 466 2712 Indicativus:
502 2650 560 2712 ani
589 2647 904 2731 daamiamaicdflde
931 2647 994 2731 (gl.
1025 2647 1123 2724 illud,
1152 2647 1326 2730 significat:

166 2754 257 2838 quasi
278 2755 319 2816 ad
338 2753 458 2837 aliquid
477 2753 598 2816 dictum
613 2754 760 2835 estquod
775 2753 919 2835 quamvis
933 2752 1049 2817 habeat
1064 2751 1192 2835 aliquod
1206 2763 1329 2816 contra-

165 2859 249 2921 rium
264 2867 296 2921 et
310 2858 401 2941 quasi
416 2879 539 2941 semper
553 2857 727 2921 adimerem
742 2868 849 2921 tamen
864 2879 930 2922 nou
945 2858 1014 2942 ipso
1028 2857 1157 2921 nomine
1172 2857 1331 2940 significat

166 2963 261 3027 etiam
281 2963 380 3038 sslud;
404 2983 509 3045 neque
531 2964 617 3026 euim
638 2985 677 3026 ex
699 2963 754 3026 illo
776 2963 1026 3026 nominationem
1048 2962 1173 3046 accipit,
1192 2973 1230 3025 ut
1248 2963 1327 3038 dies,

165 3091 241 3146 nox,
260 3071 384 3145 dextra,
403 3068 540 3145 sinistra,
559 3067 660 3131 Prisc.
680 3071 710 3144 2,
730 3073 747 3129 5
758 3091 768 3142 ς
792 3067 815 3130 i.
834 3089 862 3130 e.
886 3068 919 3130 id
941 3089 958 3130 e
980 3087 1043 3152 quo
1065 3068 1125 3132 erit
1146 3068 1329 3131 denomina-

167 3175 249 3257 tum)
266 3175 321 3258 Sg.
342 3177 409 3236 30·.“

251 3277 482 3362 Conjunotivus
514 3289 547 3341 et
578 3277 818 3342 conditionalis:
860 3279 1011 3360 manustra
1044 3279 1162 3344 ahaida·
1190 3279 1326 3364 indecor.

165 3384 294 3469 tiaydde
315 3384 349 3448 ia
364 3385 379 3447 ι’
398 3384 503 3466 ropad
515 3383 712 3465 cameracesii
725 3383 950 3468 acaecita'ffde
965 3384 1054 3448 indit
1069 3384 1170 3448 lauare
1184 3387 1329 3450 actiacos·-

165 3499 215 3555 tae
224 3489 369 3573 peneaiIt
383 3489 441 3572 (gl.
456 3498 605 3552 accentus
619 3489 750 3572 perfecti
764 3487 898 3552 vocativi
914 3487 948 3550 in
963 3489 1013 3553 his
1029 3501 1181 3568 servatur,
1199 3491 1326 3574 virgili,

164 3595 314 3659 Mercuri.
347 3595 385 3659 si
404 3593 491 3658 enim
509 3615 575 3658 non
590 3605 673 3658 esset
686 3593 830 3671 abscisio,
848 3594 1027 3661 debuerunt
1041 3595 1225 3679 hujusmodi
1239 3619 1329 3659 voca-

163 3699 232 3778 tivi,
249 3701 284 3763 id
305 3711 353 3764 est
368 3700 474 3783 quiin
489 3699 501 3762 i
515 3698 695 3762 desinentes
710 3699 922 3782 penultimam
937 3711 1112 3783 correptam
1126 3702 1256 3778 habent,
1274 3725 1329 3764 an·

163 3806 407 3889 tepenultimam
428 3828 559 3881 acuere,
577 3804 678 3868 Prisc.
699 3813 728 3881 7,
747 3811 783 3881 ὃς
802 3803 824 3868 i.
843 3826 871 3868 e.
889 3805 917 3870 si
936 3828 1003 3870 uon
1022 3816 1128 3868 essent
1148 3805 1261 3868 abscisi
1277 3828 1329 3867 vo·

163 3909 258 3972 estivi
277 3911 333 3994 qui
348 3923 468 3976 exeunt
482 3911 518 3974 in
532 3910 555 3987 i,
574 3910 827 3993 antepenultima
841 3921 924 3974 esset
937 3911 1090 3986 acuenda,
1111 3909 1186 3991 quia
1201 3919 1249 3972 est
1263 3931 1329 3970 eor·

163 4024 253 4096 repta
272 4017 464 4099 penultima)
481 4017 536 4100 Sg.
558 4021 641 4078 120¹.
675 4014 786 4096 Pergit
806 4014 924 4078 ibidem
944 4025 1067 4078 textus:
1091 4014 1177 4096 quod
1197 4012 1329 4078 minime

163 4117 249 4194 licet,
262 4139 338 4182 nam
350 4121 561 4204 perurltinmm
572 4119 727 4194 acuimus,
742 4128 775 4180 et
785 4117 874 4180 addit
885 4117 1055 4200 glossator:
1074 4119 1208 4182 combad
1220 4139 1329 4200 aame-

163 4223 265 4286 neuile
285 4225 456 4309 noawia'q.
481 4225 570 4292 indie
587 4225 623 4306 (i.
640 4246 669 4288 e.
686 4221 818 4288 minime
839 4221 924 4296 licet,
948 4233 986 4286 ut
1006 4223 1260 4306 antepenultima
1280 4245 1330 4286 ao·

163 4338 260 4392 centu
276 4339 371 4394 acuto
392 4331 595 4413 proseratur),
613 4330 648 4394 in
670 4350 734 4412 quo
754 4327 830 4392 item
845 4327 1017 4411 aoacuits'q.
1034 4360 1077 4382 ει-
1091 4327 1328 4412 aoceuiteffde,

163 4433 387 4524 conjunctivus
402 4435 502 4500 firturi
516 4435 705 4502 secundarii.
