3104 5078
303 396 365 457 234
600 394 648 456 II.
674 399 702 456 1.
748 411 933 456 sumanus
948 359 1164 456 mnnaumus.

301 573 350 627 est
371 563 471 626 forma
492 561 642 646 primaria
656 563 719 626 AN
735 563 770 624 in
790 561 915 625 casibus
936 560 1029 626 rectis
1039 585 1048 637 ;
1073 559 1109 622 in
1124 559 1248 624 casibus
1262 560 1402 645 obliquis
1418 564 1471 628 IN

301 669 436 732 habetur
449 668 560 730 eodem
574 669 669 731 modo
683 643 721 730 it
735 667 770 730 in
785 665 921 748 obliquis
935 665 1060 748 generis
1075 664 1255 728 masculini.

384 772 550 842 Nominat.
583 773 647 836 AN
665 782 740 836 anta
755 772 877 835 vocales
892 781 925 834 st
938 770 1070 846 medias,
1088 769 1119 832 A
1133 779 1208 834 ante
1222 779 1342 835 ceteras
1357 795 1470 838 conso·

300 899 357 942 nas
374 879 420 961 (p.
440 881 513 961 53),
538 877 678 960 exceptis
698 877 839 960 liquidis,
858 885 932 939 ante
952 897 1031 958 quas
1052 897 1074 938 n
1096 874 1222 938 articuli
1242 877 1368 961 saepius
1391 877 1471 942 assi-

300 983 431 1046 milatur
445 1003 542 1065 quam
556 982 724 1046 omittitur.
756 982 819 1044 AN
836 983 902 1063 (om
917 992 991 1044 anta
1006 981 1054 1062 b):
1076 981 1249 1044 unaccobor
1263 981 1322 1063 (31.
1339 981 1470 1046 antimus

301 1087 473 1151 voluntatis
482 1112 492 1162 ;
510 1087 532 1150 i.
547 1109 575 1150 e.
593 1088 755 1170 voluntas)
767 1087 844 1150 Wb.
861 1091 923 1148 161.
942 1085 1136 1178 dobtrommu
1146 1086 1320 1148 anaooobor
1330 1087 1472 1151 oollm'da

300 1193 371 1256 boos
392 1195 516 1276 (gravat
537 1214 592 1256 vos
612 1193 759 1256 voluntas
781 1191 916 1255 carnalis
934 1190 1053 1272 adhuc)
1070 1191 1145 1254 Wb.
1165 1195 1206 1252 81.
1229 1191 1468 1274 asadinoidiy.

299 1297 482 1362 anaiaffisin
498 1299 560 1381 (est
574 1297 751 1362 derivatum
764 1317 882 1359 nomen
896 1295 970 1377 hoo)
986 1295 1042 1376 Sg.
1062 1291 1127 1356 561.
1150 1294 1244 1358 ishad
1255 1295 1324 1360 imo
1339 1295 1470 1359 annich-

300 1425 367 1466 esoc
389 1407 452 1485 (cst
472 1403 533 1466 hoc
552 1405 753 1486 responsum)
769 1403 845 1465 Wb.
865 1396 909 1462 91.
931 1399 1092 1464 animda'ba
1114 1399 1213 1462 adolii
1225 1400 1302 1463 odel
1317 1399 1469 1481 (circum-

299 1508 375 1572 cisio
397 1530 493 1592 quam
513 1508 573 1571 soit
592 1507 710 1590 quivis)
733 1513 775 1569 2⁸.
798 1527 874 1588 ropo
892 1504 1038 1589 sochonn
1060 1503 1225 1588 onirqaira
1251 1504 1327 1586 (linit
1343 1505 1470 1570 vatatio

299 1635 404 1690 causa,
422 1613 587 1696 peccandi)
605 1618 646 1675 31.
670 1633 788 1694 anotpa
808 1611 919 1674 nando
941 1609 1132 1690 (haereditas
1153 1610 1310 1691 coelestis)
1327 1613 1390 1672 271.
1408 1613 1471 1674 aaz

299 1717 342 1780 tib
357 1718 499 1780 anuilsse
510 1719 601 1798 (sunt
611 1717 700 1779 vobis
711 1703 790 1779 hacc
801 1715 933 1798 omnia),
948 1713 1056 1780 anaia
1069 1714 1158 1778 roboi
1170 1715 1344 1799 a'fetarla'ooi
1354 1716 1470 1794 (omna

298 1823 383 1904 quod
403 1821 465 1884 fuit
486 1821 521 1884 in
535 1824 707 1902 vetustate)
726 1826 787 1882 161.
807 1825 870 1882 271.
888 1823 956 1896 ani,
973 1819 1080 1884 onustat
1095 1820 1153 1902 (id,
1171 1821 1248 1895 boc;
1272 1841 1370 1884 masc.
1387 1821 1466 1896 inti,

297 1925 419 2002 iactabat,
434 1925 508 1989 sem.
526 1927 610 2008 inda)
625 1947 716 2010 pron.
731 1926 776 2007 sq.
794 1926 903 1988 ambus
920 1925 1072 2008 &aymoni
1086 1928 1183 2007 (mors
1198 1947 1295 2009 quam
1307 1925 1469 2008 patimur)

297 2031 373 2094 Wb.
391 2027 454 2094 151.
475 2031 569 2095 obed
580 2030 755 2095 ambaocat’n
769 2031 898 2094 nummo
913 2032 976 2112 (est
989 2030 1023 2092 id
1038 2030 1098 2093 hoo
1111 2051 1246 2114 parvum
1260 2031 1378 2112 solum)
1394 2036 1467 2094 24⁸.

296 2135 455 2199 audacior
461 2135 535 2220 fail
554 2145 618 2199 ater
632 2158 729 2217 corpu
743 2136 852 2200 nemda‘
872 2134 1063 2218 (differentia
1077 2157 1158 2218 quae
1172 2145 1221 2198 est
1235 2135 1318 2198 inter
1332 2157 1469 2218 corpora

297 2239 457 2324 coelestia)
476 2245 537 2304 13⁸.
556 2239 909 2306 andbainmnaickthecl
925 2239 1225 2324 (denominativum)
1238 2242 1294 2324 83.
1310 2236 1375 2302 291.
1393 2262 1464 2304 am.

296 2345 416 2408 rombot'
445 2345 648 2430 andliyedsin
678 2345 853 2430 ifetarlicoi
883 2348 940 2427 (ut
966 2345 1029 2408 fuit
1047 2341 1127 2410 mos
1141 2345 1195 2408 hic
1219 2347 1255 2410 in
1280 2349 1465 2426 vetustata)

295 2450 371 2513 Wb.
393 2445 457 2512 101.
486 2450 723 2535 ondlt'qodmbin
749 2451 833 2532 (lex,
867 2451 977 2534 regula
1009 2451 1118 2532 baon),
1146 2451 1301 2534 andlt'yed
1331 2449 1466 2533 doum

292 2554 381 2638 μνεία
395 2557 530 2639 (regula,
545 2578 641 2639 quam
655 2558 824 2620 observant
838 2549 966 2638 Graeci)
980 2555 1036 2639 83.
1053 2553 1096 2618 71.
1110 2561 1175 2618 401.
1193 2555 1322 2620 andioli
1334 2553 1465 2618 noallac

295 2659 457 2725 indaronn
473 2661 581 2743 (flexio
596 2661 735 2744 cujusvis
750 2663 887 2724 duanam
901 2661 1066 2744 partium),
1084 2659 1140 2723 aba.
1158 2659 1288 2724 andiall
1299 2661 1461 2724 ninmado·

196 2785 199 2792 ·
294 2765 376 2828 nach
403 2767 465 2846 (est
489 2766 567 2829 haec
593 2766 688 2829 flexio
713 2767 851 2848 interna)
879 2766 935 2848 83.
956 2761 1020 2828 741.
1041 2762 1127 2827 1581.
1156 2765 1293 2828 tamulth
1319 2765 1462 2830 aalma

294 2890 386 2932 amne
401 2871 495 2952 (num
514 2873 635 2934 bonum
652 2871 712 2934 hoc
727 2881 940 2936 atramentum
960 2869 1026 2933 ita?
1047 2870 1153 2952 glossa
1168 2869 1329 2953 scriptoris
1343 2869 1459 2932 codicis

293 2984 507 3038 atramentum
527 2976 706 3058 probantis,
729 2977 812 3040 infin
833 2978 868 3040 in
890 2977 980 3058 folio)
1001 2976 1061 3039 Ml.
1082 2971 1146 3037 131.
1179 2973 1381 3038 substantivi
1400 2995 1460 3036 nu·

292 3079 418 3141 mei-alis
442 3081 563 3150 ondbda
580 3083 791 3164 (utrumque),
808 3083 976 3158 andbdeco,
993 3077 1168 3144 andedam
1183 3080 1257 3160 (hae
1273 3081 1458 3161 utu-umque)

292 3183 438 3266 exempla
448 3183 531 3246 inter
545 3186 732 3258 numeralia.
750 3187 867 3270 acquir
880 3186 988 3249 roboi.
1005 3235 1012 3248 .
1028 3189 1104 3268 (vox
1115 3205 1196 3267 quaa
1207 3183 1283 3265 fuit)
1297 3185 1354 3267 83.
1372 3179 1454 3245 1761.

151 3341 155 3350 .
292 3285 363 3348 ised
372 3289 475 3370 anon&
486 3297 572 3352 aetna
584 3291 641 3372 (gl.
656 3293 766 3354 eadem
776 3291 875 3366 ratio;
890 3291 912 3353 i.
927 3313 955 3353 e.
969 3291 1047 3353 baec
1059 3301 1109 3353 est
1118 3289 1199 3352 ratio
1209 3289 1311 3370 prior)
1323 3290 1376 3351 Cr.
1392 3291 1452 3350 331.

292 3392 419 3472 onqrdd
431 3391 546 3454 actalia
558 3395 687 3476 (gradus
703 3396 759 3477 qui
773 3405 822 3458 est
835 3395 977 3478 inferior)
990 3395 1065 3458 Wb.
1081 3389 1125 3456 41.
1150 3395 1265 3457 Forma
1277 3395 1324 3456 A:
1342 3391 1456 3456 atim

291 3493 511 3559 sainmoilsin
534 3498 682 3580 (speciale
697 3500 758 3563 hoo
771 3501 973 3581 mandatum)
989 3500 1064 3562 Wb.
1084 3503 1125 3560 31.
1150 3497 1308 3580 atinphed
1319 3499 1376 3581 (31.
1393 3495 1454 3580 spi·

290 3597 397 3681 ritus),
415 3601 545 3684 att'nsed
558 3605 732 3686 (aspiratio,
749 3627 806 3688 per
820 3604 857 3687 h)
873 3606 929 3688 83.
946 3610 987 3666 61.
1003 3609 1046 3665 9¹.
1064 3603 1130 3667 atir
1144 3603 1319 3666 romanaet
1334 3603 1389 3684 (31.
1405 3621 1453 3663 m-

290 3725 404 3767 manus
420 3709 518 3789 ager),
537 3710 602 3770 ott'r
617 3709 785 3772 contoraolt
800 3709 857 3792 (gl.
875 3709 953 3772 citer
967 3713 1054 3791 ager)
1072 3709 1128 3791 83.
1148 3712 1211 3769 331.
1232 3703 1298 3770 391.
1317 3705 1454 3770 αενὲᾱωο

290 3811 449 3874 atradesin
465 3812 555 3893 (haec
571 3811 649 3889 tria3
673 3815 713 3876 os.
731 3813 816 3876 inter
829 3813 1017 3895 numeralia)
1033 3813 1110 3878 Wb.
1130 3817 1171 3874 51.
1190 3817 1233 3874 91.
1255 3817 1316 3874 121.
1334 3807 1453 3874 atetla-

290 3915 363 3976 deso
378 3915 470 3997 (haec
492 3917 688 3999 quaternitas
695 3943 705 3994 ;
726 3918 750 3981 i.
768 3940 795 3980 e.
814 3919 892 3980 hacc
914 3923 1064 4000 quatuor)
1080 3917 1157 3980 Wb.
1176 3911 1241 3978 211.
1267 3909 1456 4000 affluent!

289 4017 514 4100 aytadnissesin
536 4021 593 4103 (31.
613 4023 831 4086 testimonium
852 4021 992 4086 diximus
1012 4022 1163 4084 adversus
1184 4021 1301 4094 deum3
1323 4019 1453 4082 iacet

289 4132 399 4186 contra
419 4125 515 4187 deum
530 4125 591 4188 hoc
605 4130 695 4210 test.)
710 4128 786 4190 Wb.
807 4123 871 4190 131.
893 4129 1036 4212 aflrlaya
1059 4125 1116 4208 (31.
1135 4123 1373 4208 jusjurandum)
1387 4117 1449 4182 Ml.
1517 4151 1521 4156 ·

291 4231 354 4288 361.
373 4227 430 4291 tin.
450 4229 507 4292 tin.
526 4231 644 4314 asoqar
664 4231 956 4316 dtbforcomnooac'r
971 4230 1195 4297 tintinabulum
1211 4228 1323 4312 (tintin
1338 4246 1394 4288 vox
1407 4245 1452 4286 ex

288 4351 352 4410 qua
373 4334 411 4394 fit
431 4331 521 4414 tint.)
539 4335 596 4417 83,
615 4333 679 4398 301.
705 4336 761 4402 iss.
787 4337 904 4421 asolad
921 4338 1028 4401 calnae
1050 4335 1117 4417 (hic
1138 4345 1187 4396 est
1209 4355 1320 4398 sannis
1341 4329 1448 4414 Ρῐίῠῐ),

288 4433 405 4513 asolad
430 4443 446 4496 7
474 4435 611 4503 iactatu
630 4442 688 4524 (31.
711 4441 760 4505 vis
785 4451 818 4504 et
843 4441 1048 4526 significatio)
1070 4439 1126 4522 83.
1146 4435 1189 4500 91.
1209 4443 1273 4501 271.
1302 4431 1453 4520 casoro'td
