3232 5074
310 414 357 476 II.
377 419 408 476 4.
455 432 635 477 Amscrws
652 431 856 474 ssmsmcn
872 429 1142 474 monotaimus.
1248 409 1310 471 405

148 589 176 645 1.
208 583 354 646 Annon:
378 604 395 644 e
415 581 471 644 bro
491 580 581 644 arall
593 579 642 662 (in
657 579 752 642 aliam
766 579 942 662 regionem)
958 577 1045 641 Buh.
1064 585 1095 654 4,
1115 581 1166 639 23.
1193 585 1311 640 tremen

145 696 179 750 tn
194 687 283 750 nrnll
296 679 443 768 (transire
457 685 494 748 in
508 685 604 748 aliam
615 687 751 768 partem)
765 691 817 760 90,
835 691 884 746 19.
902 706 943 748 vn
952 705 1031 767 ynez
1043 682 1132 746 arnll
1140 681 1217 764 (alin
1229 681 1310 761 vice)

147 799 197 867 74,
217 799 247 853 3.
266 813 307 853 vn
322 791 411 854 arall
423 791 588 872 choasomp
604 789 717 872 (alium
732 789 900 872 eligamus)
920 793 991 865 182,
1012 794 1063 850 16.

229 895 333 959 Obvia
354 917 447 978 porro
468 906 501 958 et
520 895 619 957 forms
634 893 790 957 cambriea
805 895 920 956 LALL
937 897 1019 975 (orta
1034 915 1074 956 ex
1089 891 1220 974 alnus)
1237 913 1310 953 cum

143 1000 289 1076 articulo,
299 1001 382 1084 sing.
396 1023 418 1086 y
432 1000 505 1064 llall
514 999 617 1075 Mab„
627 1000 711 1082 plur.
727 999 758 1061 ir
770 997 840 1080 leia
848 997 882 1062 in
894 999 1007 1081 glossis
1020 999 1140 1073 Oxou„
1152 996 1310 1059 recentius

141 1128 163 1189 y
177 1105 267 1180 lleill,
279 1105 306 1168 si
317 1107 398 1168 duae
410 1117 617 1188 opponuntur
627 1124 780 1187 personae
791 1102 858 1166 sive
869 1124 918 1166 res
930 1105 981 1166 vel
992 1115 1108 1187 partes,
1121 1102 1309 1186 praeceden-

142 1209 227 1272 tibus
251 1210 438 1293 plerumque
460 1209 569 1274 fomis
585 1211 618 1272 N
620 1209 735 1286 EILL,
754 1209 887 1272 LEILL
903 1210 1002 1289 (unus
1022 1230 1039 1270 e
1054 1205 1217 1290 duobus)'
1233 1206 1310 1269 item

140 1336 216 1378 cum
239 1315 389 1378 articulo:
415 1336 496 1400 mwy
518 1337 577 1378 nor
593 1314 668 1378 llall
679 1313 793 1396 (major
809 1334 905 1396 quam
923 1312 1016 1394 alter)
1032 1313 1121 1374 Msb.
1143 1319 1171 1389 1,
1191 1315 1264 1374 281.
1287 1335 1308 1396 y

142 1419 223 1482 neill
241 1419 380 1482 okonunt
399 1442 443 1505 yn
458 1441 524 1483 was
537 1419 675 1503 ywinen.
693 1439 733 1480 nr
748 1418 822 1481 llalt
833 1440 878 1503 yn
893 1439 958 1480 was
974 1417 1078 1502 melyn
1095 1419 1193 1497 (unus
1209 1416 1308 1480 exeis

141 1544 221 1606 puer
235 1523 343 1586 fuscus
355 1535 387 1586 et
397 1525 477 1587 alter
487 1545 568 1608 puer
578 1523 694 1606 flavus)
710 1529 738 1599 1,
755 1529 827 1584 263.
845 1545 866 1607 y
879 1521 1051 1606 lladawdy
1063 1521 1144 1586 neill
1152 1543 1189 1585 or
1197 1521 1309 1606 9101κέ-

16 1665 17 1702 1
141 1649 209 1690 son.
226 1651 248 1712 y
265 1628 409 1692 lladawd
425 1651 447 1712 y
467 1628 679 1710 teatinensis
694 1650 797 1690 unum
813 1626 961 1711 spueris,
980 1627 1094 1690 cecidit
1107 1629 1257 1710 altemm)
1278 1637 1305 1704 1,

16 1777 18 1808 ,
142 1740 195 1796 36.
221 1757 238 1795 e
260 1733 349 1818 neyll
368 1733 502 1798 hanner.
523 1781 530 1795 .
551 1781 558 1795 .
576 1754 615 1796 ar
638 1733 712 1796 ltall
725 1735 842 1816 (unum
857 1731 1036 1809 dimidium,
1057 1780 1064 1794 .
1086 1743 1143 1796 .et
1158 1733 1308 1814 alterum)

143 1839 223 1921 Leg.
242 1841 271 1900 1.
287 1845 339 1900 43.
356 1843 407 1901 21.
424 1861 489 1924 yny
504 1837 634 1922 orffeiy
651 1837 735 1900 lleill
746 1858 820 1921 ary
837 1836 911 1900 tlall
920 1837 1033 1918 (donec
1045 1839 1214 1921 superabat
1225 1859 1309 1900 unus

142 1943 295 2028 alterum)
308 1945 396 2006 Mab.
414 1949 443 2020 2,
460 1949 512 2005 27.
531 1943 591 2006 den
604 1942 704 2027 ychen
723 1990 730 2004 .
752 1989 759 2004 .
781 1990 787 2003 .
804 1964 825 2027 y
842 1941 946 2005 lleill.
967 1990 974 2004 .
996 1991 1003 2004 .
1021 1963 1061 2005 ar
1079 1943 1153 2006 llall
1165 1943 1243 2024 (duo
1254 1944 1308 2006 bo·

141 2069 206 2125 vss,
227 2095 234 2110 .
256 2069 367 2111 .unus
385 2095 392 2110 .
413 2095 421 2110 .
439 2058 472 2110 et
490 2048 583 2129 alter)
601 2051 630 2124 2,
650 2051 722 2109 222.
755 2047 866 2110 Plan:
891 2067 984 2132 erey
1004 2068 1041 2109 or
1062 2048 1146 2132 teyln
1166 2069 1206 2110 ar
1221 2048 1313 2132 lnyll

140 2175 200 2236 eny
223 2152 296 2238 tylo
316 2177 337 2239 y
359 2153 421 2240 lety
443 2153 485 2237 ef
496 2152 565 2236 (alii
580 2174 598 2215 s
612 2153 700 2216 curia
714 2163 747 2215 et
761 2151 815 2215 alii
830 2151 865 2215 in
880 2151 1043 2215 vicititate
1059 2153 1210 2216 domicilii
1226 2153 1308 2236 ejus)

16 2285 17 2288 ¹
143 2259 219 2340 Leg.
241 2266 269 2320 1.
290 2265 319 2320 7.
340 2265 369 2320 7.
409 2259 588 2321 Accedents
611 2269 719 2322 tamen
744 2255 943 2320 substantivo
963 2257 999 2318 in
1020 2257 1119 2320 alters
1140 2268 1229 2341 parte
1251 2281 1308 2341 pro

142 2363 216 2426 llalt
228 2375 276 2427 est
291 2363 380 2427 arall
386 2391 397 2426 :
413 2385 452 2426 ar
463 2361 544 2425 neill
552 2361 676 2426 hanner
687 2383 727 2425 nr
737 2361 861 2426 hanner
872 2362 961 2424 aral!
970 2363 1016 2443 (et
1026 2361 1194 2425 dimidium
1206 2385 1308 2426 unum

139 2478 172 2532 et
192 2467 361 2532 dimidium
383 2469 532 2550 alterum)
549 2469 637 2530 Mab.
657 2475 684 2544 1,
702 2473 775 2530 274.
802 2489 841 2530 ar
862 2489 883 2552 y
899 2466 980 2530 neill
993 2467 1054 2530 law
1069 2489 1090 2551 y
1105 2467 1215 2532 owein.
1233 2489 1307 2552 ary

139 2583 173 2638 tu
196 2574 285 2636 arall
303 2595 325 2658 y
347 2571 446 2635 owein
462 2573 515 2652 (ad
534 2593 633 2635 unam
654 2595 798 2649 manum,
815 2583 949 2654 partem,
968 2572 1093 2649 Oweni,
1111 2573 1152 2634 ad
1172 2572 1308 2636 atterum

140 2679 225 2742 latus
240 2679 298 2758 Ο.)
314 2685 342 2753 1,
359 2683 410 2739 33.
432 2699 477 2761 yn
495 2699 516 2760 y
531 2677 611 2740 neill
624 2677 696 2740 law.
718 2699 842 2762 ..ary
859 2677 933 2740 llaw
948 2677 1038 2740 arall
1051 2677 1099 2758 (in
1114 2699 1180 2740 uns
1194 2698 1305 2754 manu,

17 2785 19 2876 ]
139 2783 174 2846 in
190 2783 301 2864 altera)
321 2789 350 2858 1,
370 2787 443 2843 271.
466 2803 502 2844 or
516 2780 597 2844 neill
611 2790 655 2846 tn.
676 2829 683 2844 .
705 2829 711 2843 .
730 2803 767 2844 or
782 2790 815 2844 tu
830 2783 919 2845 nrall
932 2784 986 2862 (ex
1000 2803 1065 2844 uno
1080 2781 1188 2858 latere,
1207 2802 1248 2844 ex
1262 2781 1307 2845 nl·

139 2892 220 2970 tero)
238 2894 267 2964 2,
288 2893 339 2949 20.
364 2907 400 2949 or
421 2886 502 2949 noill
514 2886 627 2968 parth.
646 2907 683 2949 or
697 2887 799 2969 parth
820 2887 917 2950 arall.
936 2908 972 2949 or
988 2887 1071 2950 lleill
1082 2887 1196 2970 parth.
1218 2935 1224 2948 .
1246 2909 1307 2950 .or

131 2993 234 3076 parth
249 2993 338 3056 aralt
350 2995 404 3074 (ex
418 3014 494 3067 una,
512 2991 611 3054 alters
624 2995 727 3075 parts)
746 2999 775 3068 1,
795 2997 868 3053 274.
888 2995 917 3068 2,
938 2997 989 3052 33.

18 3079 20 3092 Ι
224 3098 396 3162 Cornicum
418 3095 574 3180 ejusmodi
596 3097 778 3179 exemplum
793 3096 827 3158 in
843 3097 939 3160 Psss:
965 3095 1029 3180 hay
1043 3096 1094 3181 yll
1107 3095 1172 3180 leff
1180 3096 1244 3180 hay
1258 3099 1310 3182 yll

138 3211 225 3288 troys
246 3225 285 3266 sn
309 3201 393 3286 levff
408 3202 496 3266 arall
509 3204 589 3284 (una
609 3223 724 3264 manus
747 3201 816 3285 ejus
831 3211 864 3264 et
878 3223 963 3264 unus
978 3223 1045 3287 pes,
1063 3201 1162 3265 altera
1175 3207 1305 3284 manus)

19 3369 24 3408 ,
141 3313 456 3384 179,2.3.180,1.

223 3413 311 3476 OLL
333 3412 465 3494 (omnis)
486 3409 641 3475 cambrice
663 3421 806 3474 servatur
826 3433 900 3474 cum
920 3411 1138 3488 substantivis,
1157 3433 1185 3474 e.
1203 3433 1251 3494 gr.
1270 3412 1304 3475 in

135 3517 238 3602 plur.:
254 3521 410 3602 ywrnyed
421 3519 468 3582 oll
480 3521 605 3598 (omnes
620 3516 782 3598 mulieres)
799 3517 887 3580 Msb.
909 3523 938 3594 1,
958 3525 995 3594 53
1017 3516 1113 3580 etiam
1127 3515 1163 3578 in
1178 3537 1303 3600 compo·

135 3621 268 3686 sitione:
291 3644 333 3708 yr
353 3623 491 3708 hollywn
507 3623 631 3704 (omnes
647 3625 754 3704 canes)
770 3621 859 3684 Mab.
879 3627 909 3699 2,
929 3627 981 3685 22.
1013 3621 1233 3706 Compositum
1249 3644 1304 3686 nu·

138 3797 347 3809 —nu—

206 3893 219 3919 ‘
236 3892 313 3945 Neiu
334 3901 410 3947 extra
427 3895 640 3966 oppositionem:
660 3911 692 3947 or
702 3895 791 3948 notatu
805 3895 849 3965 (ex
862 3913 917 3948 uno
929 3895 1021 3958 latere,
1036 3911 1051 3946 e
1064 3893 1179 3964 duobus)
1193 3893 1261 3962 Leg.
1276 3897 1302 3946 2.

137 3979 163 4028 fi.
178 3979 220 4028 30.
237 3993 316 4043 quma
332 3995 352 4046 y
369 3979 494 4048 neillpetn
508 3980 560 4050 (ise
572 3997 656 4033 unum
675 3979 822 4043 eduobus3
838 3987 931 4032 1111-
943 3979 999 4048 sut)
1014 3977 1089 4030 Mnb.
1106 3980 1130 4042 1,
1145 3981 1204 4031 270.
1224 3976 1306 4030 ested

135 4076 216 4111 aomo
223 4059 340 4127 peredur
351 4079 384 4114 ar
396 4063 461 4116 neill
471 4064 522 4116 law
532 4081 568 4133 yr
579 4064 747 4118 amterodrss
762 4063 865 4133 (sedere
877 4064 908 4115 P.
922 4063 957 4115 td
972 4079 1054 4115 unam
1067 4077 1176 4114 manum
1189 4061 1301 4130 impers-

137 4141 220 4211 trisis)
233 4146 255 4206 1,
265 4145 325 4196 281.
345 4145 458 4200 Cornios
469 4153 575 4218 praeter
586 4149 650 4218 neyl
660 4148 765 4202 obtinet
777 4147 857 4200 etism
869 4147 914 4215 eyl
920 4167 929 4196 .-
942 4163 978 4198 an
990 4147 1053 4215 neyl
1065 4151 1178 4198 unomen
1190 4145 1234 4213 (ex
1248 4161 1302 4197 uno

135 4225 229 4296 latere)
244 4227 319 4280 Pus.
334 4232 376 4292 71,
392 4233 416 4282 1.
430 4233 490 4294 205,
506 4234 532 4284 3.
551 4249 569 4284 a
580 4233 644 4300 neyl
661 4231 749 4302 111(αά
760 4249 845 4284 unum
857 4231 938 4300 lutus)
954 4235 1012 4292 105,
1027 4233 1051 4282 3.
1066 4247 1102 4282 an
1114 4229 1187 4297 noyll
1198 4229 1303 4298 Iqffbys

22 4375 23 4380 Ἰ
132 4328 171 4380 yn
190 4329 210 4380 y
224 4309 272 4364 ben
286 4310 331 4380 (ab
343 4330 397 4366 una
408 4331 491 4367 manu
503 4316 635 4385 usquead
647 4317 736 4386 eaput)
755 4317 811 4379 178,
828 4317 851 4366 1.
868 4331 936 4383 yant
951 4331 971 4382 y
984 4314 1028 4382 eyl
1045 4314 1106 4382 leyf
1112 4331 1127 4365 o
1137 4331 1217 4384 yosys
1231 4314 1302 4382 (cum

137 4411 191 4448 uns
203 4411 285 4448 manu
298 4413 367 4466 quse
379 4405 437 4450 erat
448 4399 580 4468 sanguine
592 4399 744 4471 conspersa)
760 4401 819 4463 219,
833 4401 859 4452 3.
888 4397 956 4452 Inde
970 4404 998 4450 et
1010 4397 1060 4450 hae
1072 4397 1172 4451 formae
1186 4397 1303 4451 variatae

135 4497 168 4533 ex
181 4479 221 4532 all
232 4480 320 4549 putari
332 4487 470 4551 poterunt.
