3184 5078
265 397 326 460 108
511 398 540 459 Ι.
569 404 597 458 1.
643 415 784 460 vocaus-:s
800 414 1026 459 snrrsuruma
1041 413 1178 456 anavus.

262 565 340 630 auch
363 567 497 648 (vomer)
516 567 561 650 gl.
585 567 691 630 Oxon.
717 566 796 648 Leg.
816 570 845 626 2.
867 571 895 626 1.
915 572 945 626 4.
971 563 1049 628 hacc
1070 565 1152 645 (sus)
1175 563 1254 646 Leg.
1276 569 1305 624 1.
1326 569 1378 625 36.
1397 567 1427 625 8.

264 671 378 734 turceio
394 671 453 753 (gl.
473 675 595 754 tuscus)
611 672 655 754 gl.
674 672 780 735 Oxou.
798 691 892 752 remp
908 669 966 752 (gl.
981 669 1156 752 ungulus),
1173 669 1282 751 compl
1299 669 1358 751 (gl.
1376 669 1430 731 sti-

262 778 383 859 mulus)
398 776 443 860 gl.
461 777 568 840 Oxon.
601 779 642 840 In
665 776 771 839 codice
793 775 909 852 rubro,
928 785 965 837 ut
978 797 1000 859 y
1014 796 1072 858 pro
1087 773 1117 850 i,
1136 775 1288 837 successit
1302 774 1431 840 etiamr

261 902 320 963 pro
341 881 512 945 vetustiore
532 905 554 946 a
575 882 734 966 (exempla
750 879 914 964 sequentia
928 880 1105 943 secundum
1120 879 1332 942 imitationem
1347 879 1430 942 codi-

262 987 307 1050 cis
322 988 463 1050 additam
478 987 641 1070 editioni):
659 987 733 1064 hon,
746 1008 815 1070 por,
830 985 912 1061 arth,
930 1006 973 1068 yn
988 984 1114 1068 panion,
1129 985 1330 1061 aoneuthum,
1345 1007 1429 1069 moy,

263 1093 351 1177 boyt,
371 1093 453 1178 loyt,
469 1093 655 1177 poloython,
675 1093 774 1168 lloor,
793 1111 901 1167 maor,
912 1090 1080 1172 porthaor,
1097 1088 1230 1173 effraoc,
1248 1090 1429 1166 marchana,

261 1197 347 1274 ideo,
365 1206 462 1274 attam
479 1199 682 1284 ymdt'doncr,
700 1199 808 1273 aedon,
826 1195 958 1281 Iapetum,
970 1195 1104 1278 yelloch,
1117 1195 1316 1278 poponem&
1333 1195 1431 1258 etiam

260 1303 296 1366 in
311 1303 597 1366 combinationibus
616 1325 677 1387 pu,
697 1303 775 1365 cha:
794 1301 894 1384 puell,
916 1301 1035 1384 pomp,
1057 1300 1247 1384 popularet,
1270 1299 1428 1376 choitheu,

260 1409 427 1472 ohvemeih.
460 1386 501 1470 Iir
517 1409 627 1470 eodem
642 1417 748 1469 tamen
762 1405 830 1488 jam
845 1407 934 1468 adest
950 1427 998 1468 w.-
1021 1404 1238 1480 owneuthum,
1256 1405 1427 1490 oiromoyn,

258 1513 482 1599 poenltwyaar,
498 1511 706 1596 diffeitltwclt,
719 1511 824 1594 puell,
843 1509 1007 1574 chwithcu.
1030 1511 1122 1577 Quae
1137 1531 1165 1572 w
1179 1531 1237 1596 pro
1252 1521 1398 1594 correpta
1409 1533 1430 1574 a

260 1619 438 1682 communis
453 1618 550 1682 estin
564 1616 791 1680 recentioribus
806 1616 982 1693 codicibus,
1001 1625 1034 1678 et
1048 1614 1083 1677 in
1098 1615 1259 1678 hodiernis
1274 1615 1430 1679 librorum

261 1724 471 1800 editionibus,
489 1745 517 1786 e.
534 1745 583 1806 gr.
601 1721 717 1785 codicis
739 1720 826 1785 rubri
847 1720 959 1804 ipsius.
991 1720 1134 1784 Residua
1156 1721 1252 1785 etiam
1266 1721 1430 1785 interdum

260 1851 282 1892 a
297 1829 331 1891 in
347 1829 548 1912 quibusdam,
567 1850 595 1890 e.
613 1849 661 1910 gr.
679 1828 734 1902 du,
752 1848 819 1902 eur,
836 1825 931 1902 wala,
947 1847 1054 1902 corae,
1069 1825 1184 1889 arthur
1193 1851 1202 1903 ;
1220 1827 1260 1890 de
1274 1849 1296 1890 u
1311 1825 1429 1909 scripta

259 1937 316 2018 'pro
330 1959 352 2020 y
366 1965 410 1988 =
424 1934 439 1996 i
452 1934 487 1996 in
502 1933 572 1996 aliis
583 1932 652 2015 jam
666 1953 763 2015 supra
777 1933 961 1996 dictumest
977 1935 1023 2015 (p.
1044 1934 1130 2014 103).

344 2039 533 2103 Cornica:
553 2060 627 2100 raso
641 2039 794 2120 (cortex),
813 2037 908 2100 caske
923 2035 1104 2120 (dormire),
1124 2037 1281 2100 cuscadur
1298 2036 1427 2118 (dormi-

259 2148 321 2228 tor)
336 2145 456 2208 Vocab.
486 2147 646 2226 Frequens
662 2166 684 2206 a
699 2143 795 2206 etiam
809 2143 845 2204 in
860 2145 970 2205 Pass:
989 2164 1009 2204 α
1022 2141 1141 2226 pachus
1157 2141 1334 2225 (dormivit)
1352 2149 1425 2218 243,

261 2259 292 2313 1.
310 2273 354 2314 na
366 2250 505 2334 praehens
526 2253 581 2331 (ne
596 2249 782 2330 dormirent)
800 2253 873 2323 241,
893 2253 922 2308 3.
938 2249 1075 2330 patrocle,
1095 2249 1198 2332 purel-
1213 2248 1356 2330 (mulier)
1373 2255 1425 2324 84,

260 2363 290 2418 3.
312 2362 383 2432 122,
401 2361 431 2418 2.
449 2361 521 2431 157,
541 2361 558 2416 3
569 2379 578 2430 ;
597 2356 652 2417 sed
663 2355 731 2438 jam
746 2353 839 2416 obvia
853 2363 902 2416 est
916 2363 948 2416 et
963 2375 1009 2416 w:
1022 2353 1132 2437 pwrek
1149 2359 1200 2430 66,
1217 2359 1247 2430 3,
1262 2353 1428 2436 magisque

257 2461 293 2524 in
307 2483 369 2544 usu
385 2483 431 2524 ow
447 2483 543 2544 quam
558 2483 597 2523 ou
612 2458 741 2541 scriptio
758 2457 962 2542 diphthongi.

342 2567 552 2629 Armorica
572 2566 667 2628 solita
689 2563 818 2646 scriptio
838 2574 887 2626 est
910 2585 950 2626 oo
971 2563 1120 2645 (legenda
1140 2567 1192 2646 u):
1221 2563 1294 2627 boot
1315 2566 1423 2646 (esse),

257 2672 379 2757 cafford
393 2673 544 2754 (sumere)
561 2670 647 2733 Buh.
680 2671 782 2733 Voces
803 2669 974 2732 hodiernae
990 2668 1136 2751 linguae:
1158 2668 1268 2731 iourch
1284 2671 1426 2752 (capreo-

255 2779 338 2861 lus),
357 2777 463 2840 koulm
486 2777 677 2860 (columba),
695 2774 834 2838 ashoure
850 2775 925 2857 (os).
959 2773 1111 2837 Scribunt
1126 2784 1234 2836 tamen
1248 2774 1378 2856 quidam
1393 2785 1427 2838 et

256 2905 296 2946 u.-
313 2884 357 2946 du
373 2881 503 2964 (niger),
521 2903 561 2944 ru
577 2881 710 2963 (ruber).

342 2987 477 3050 Infectio
503 2986 629 3071 proprio
654 3007 710 3069 per
735 2986 875 3050 vocalem
908 2985 1103 3048 inficientem
1129 2996 1166 3048 ut
1191 3008 1257 3048 non
1283 2983 1426 3068 conspici

254 3105 359 3181 potest
379 3094 415 3156 in
436 3093 450 3155 i
469 3103 653 3156 transeunte
673 3092 708 3154 in
729 3115 764 3168 e,
782 3089 920 3154 inveniri
934 3090 1030 3153 etiam
1044 3113 1111 3153 non
1126 3091 1220 3154 debet
1234 3089 1269 3152 in
1285 3112 1306 3152 a
1322 3101 1424 3152 trans·

254 3223 362 3286 gressa
376 3200 411 3262 in
427 3221 465 3262 o.-
485 3198 636 3262 ltoleuoed
648 3197 706 3280 (gl.
724 3195 847 3260 canoris
857 3219 866 3270 ;
884 3217 1023 3278 compos.
1041 3195 1106 3273 ho,
1124 3227 1169 3248 =
1181 3195 1258 3278 gall.
1276 3207 1340 3258 vet.
1359 3217 1422 3270 aa,

254 3329 287 3391 p.
309 3309 373 3388 17),
393 3313 466 3368 tona
486 3304 544 3386 (gl.
563 3303 729 3366 mortalem
739 3325 748 3377 ;
772 3301 897 3364 hibern.
923 3311 985 3363 vet.
1005 3299 1117 3376 deine,
1143 3299 1252 3382 homo)
1274 3301 1319 3383 gl.
1338 3301 1422 3362 be.

255 3423 287 3475 et
307 3411 370 3474 alia
390 3431 466 3472 mox
486 3408 662 3490 sequentia.
694 3405 827 3470 Accedit
848 3415 957 3468 autem
981 3407 1021 3468 ad
1040 3405 1125 3469 hano
1140 3395 1278 3489 amplius
1293 3405 1358 3468 alia
1371 3405 1424 3468 de·

255 3515 349 3581 fectio
364 3515 398 3576 in
413 3537 434 3598 y
450 3515 493 3595 (e)
509 3513 544 3576 in
559 3533 758 3596 quacumque
773 3511 908 3574 dialecto
923 3511 1112 3575 britannica.

340 3618 547 3684 Cambrica
567 3641 600 3695 u,
618 3640 647 3680 w
662 3617 768 3681 deficit
794 3623 822 3678 1.
840 3616 875 3679 in
891 3639 925 3692 o,
943 3627 981 3679 ut
996 3615 1058 3679 iin
1072 3640 1104 3693 e,
1122 3618 1162 3680 ad
1178 3617 1425 3681 discernendum

253 3748 355 3812 genus
371 3723 562 3788 femininum
576 3747 595 3786 a
608 3723 785 3786 masculino
800 3721 835 3784 in
850 3721 1025 3804 adjectivis,
1042 3743 1070 3784 e.
1084 3743 1133 3805 gr.
1151 3745 1226 3786 oron
1242 3725 1421 3805 (rotunda),

253 3853 273 3893 a
286 3851 383 3892 masc.
408 3851 494 3893 oreon
515 3829 702 3912 (rotundus3
727 3825 852 3890 hibern.
870 3838 935 3918 vet.
958 3827 1103 3909 cruind).
1128 3827 1178 3891 ef.
1196 3829 1257 3891 sub
1272 3829 1420 3892 flexione.

340 3941 370 3998 2.
402 3936 444 3998 In
466 3957 487 4020 y
510 3935 706 4017 frequenter,
730 3931 952 3996 accedentibus
973 3932 1162 3996 flexionibus
1183 3933 1234 3995 vel
1255 3933 1423 3996 derivatio·

253 4041 365 4103 nibus:
383 4041 527 4125 pyllawc
549 4040 752 4122 (lacunosus‚
773 4037 928 4121 paluster)
945 4038 1032 4100 Mab.
1054 4043 1089 4114 2,
1110 4043 1205 4100 372e
1227 4040 1330 4102 subst.
1348 4038 1427 4122 pull

254 4147 361 4227 (fossa,
380 4147 508 4226 lacuna)
525 4145 564 4207 L.
583 4143 686 4207 Land.
711 4142 755 4225 sq.
765 4190 775 4219 ‚
793 4141 868 4205 hod.
887 4143 981 4224 pwll.
1004 4142 1138 4226 Τψιεί,
1165 4144 1305 4228 ΤῃρΙιεί,
1328 4142 1425 4228 Tffei

253 4253 301 4332 (n.
319 4273 425 4334 propr.
443 4249 517 4330 viri)
534 4251 572 4313 L.
592 4249 695 4312 Laud.
716 4254 788 4310 109.
810 4253 881 4310 120.
904 4254 975 4324 123,
1001 4249 1136 4332 tw‘ioys,
1161 4257 1280 4334 tyowya
1295 4248 1421 4332 (crevit)

254 4356 342 4418 Mab.
362 4361 397 4430 2,
417 4361 490 4418 232.
510 4361 571 4417 233
588 4377 605 4418 e
627 4354 728 4416 subst.
747 4351 815 4434 adj.
837 4352 902 4435 twf
917 4351 1037 4436 (vigor,
1062 4353 1260 4436 rigorosus),
1279 4373 1418 4436 compos.

247 4459 374 4544 'lydos
382 4459 451 4542 (qui
466 4461 547 4523 bene
562 4459 670 4534 crevit,
688 4457 857 4539 formosus)
873 4458 962 4520 Mab.
982 4463 1012 4535 2,
1032 4463 1105 4521 383.
1124 4457 1236 4544 byryei
1251 4457 1421 4543 (jaciebat)
