3232 5074
259 341 323 404 424
436 341 553 404 111.1.
599 361 809 405 eumcum
823 359 992 404 ansam
1007 359 1243 404 nemmem.

261 509 356 574 verba
377 509 565 572 intromittit
583 511 679 573 modo
693 509 798 586 solito,
815 531 874 572 nec
888 509 983 584 oedit,
1000 509 1161 572 risam
1174 509 1362 593 pronomina
1375 509 1424 572 in-

262 617 401 698 figenda,
419 614 697 698 conjunctionibus
719 614 817 678 etiam
837 614 1019 696 primitivis,
1036 627 1074 676 ut
1093 614 1163 676 fieri
1179 615 1280 698 possut
1300 614 1423 678 infixio.

261 720 419 804 Exempla
432 731 515 804 part.
533 720 583 783 Y:
599 719 753 801 peredur,
767 717 957 802 ywalehmei
967 741 1022 803 pm
1033 719 1148 803 qelrea'r
1161 720 1176 782 i
1188 723 1243 801 (P.
1258 720 1302 783 G.
1319 723 1426 800 vocor)

262 825 352 888 Mah.
366 831 395 899 1,
407 829 480 885 261.
493 823 736 908 quelwitydu
744 823 1039 902 babamvooebar
1049 824 1300 908 uigerpmditor)
1310 831 1338 902 1,
1349 831 1425 886 271.

262 952 306 1014 ny
321 929 362 991 bu
377 927 431 990 hir
442 927 503 1013 yni
514 929 734 1014 ymbynywyt
747 927 762 990 i
772 931 851 1008 (uon
861 928 923 990 fuit
934 928 1067 1012 longum
1078 932 1178 994 donec
1189 930 1330 1012 dejectus
1340 933 1428 1010 sum)
1564 993 1566 1014 4

265 1041 295 1110 1,
310 1039 341 1094 9.
366 1033 441 1096 kam
460 1033 661 1118 ymbyrywyt
681 1033 696 1094 ι’
714 1033 772 1096 doe
787 1034 944 1115 (quamvis
960 1034 1030 1096 beri
1043 1036 1184 1118 dejectus
1198 1057 1281 1111 eum,
1298 1033 1429 1118 permit-

261 1151 310 1202 tas
335 1159 479 1223 pugnare
504 1137 612 1220 hodie)
630 1145 659 1214 1,
678 1143 730 1199 23.
758 1159 819 1222 osy
844 1161 934 1222 ωηεν
955 1141 999 1224 dy
1017 1139 1138 1224 hyssy.
1161 1140 1219 1224 yth
1238 1141 1353 1203 αάαιοη
1371 1137 1430 1223 yet

262 1243 420 1329 elynnycm
436 1243 478 1324 (si
492 1263 559 1306 non
572 1243 668 1306 facies
682 1243 754 1318 hoc,
771 1244 931 1306 trademus
948 1255 979 1306 te
993 1243 1131 1307 inimicis
1147 1245 1224 1326 tuis)
1243 1253 1271 1321 1,
1291 1249 1363 1306 252.
1387 1265 1430 1327 yr

257 1371 328 1432 pan
342 1348 399 1434 ylla
413 1347 519 1411 weleassr
530 1349 657 1432 pyratas
664 1347 712 1411 mi
724 1347 779 1411 ath
788 1347 892 1431 perere
904 1351 959 1428 (ex
969 1370 1033 1431 quo
1043 1348 1109 1412 vidi
1120 1361 1151 1412 te
1161 1350 1312 1433 primum,
1325 1369 1385 1430 ego
1398 1359 1430 1410 te

264 1453 382 1535 amavi)
397 1461 426 1530 1,
442 1459 515 1516 273.
541 1453 697 1536 Exempla
706 1465 790 1536 part.
803 1454 849 1514 A:
867 1453 982 1537 atlydi
994 1475 1047 1516 am
1058 1455 1160 1539 preely
1176 1455 1250 1536 i(et
1261 1465 1297 1515 tu
1308 1451 1431 1514 videbis
1564 1513 1565 1516 ,

264 1568 329 1642 me)
346 1560 434 1622 Mab.
454 1565 484 1636 1,
505 1565 555 1620 14.
579 1559 655 1643 lory
675 1567 762 1642 wynt
779 1580 801 1621 a
821 1559 1019 1642 dypfforant
1031 1580 1083 1621 em
1098 1560 1142 1642 dy
1156 1581 1245 1641 perm
1259 1580 1298 1620 ac
1312 1556 1368 1620 ath
1383 1557 1433 1618 la·
1564 1639 1565 1642 Ἴ

266 1665 346 1728 dant
360 1667 442 1745 (cras
462 1673 595 1744 surgent
613 1662 648 1724 in
670 1675 702 1725 te
716 1675 748 1726 et
764 1673 795 1726 te
810 1662 1014 1744 interficient)
1033 1669 1062 1738 1,
1081 1667 1153 1726 264.
1169 1662 1229 1744 pei
1241 1661 1297 1726 atla
1312 1661 1391 1724 ledit
1406 1658 1434 1723 a·

264 1791 338 1854 yse.
355 1777 413 1852 nyt
428 1768 488 1829 oed
500 1766 539 1829 iu
552 1765 608 1829 atla
623 1767 735 1830 wnelea'
746 1790 790 1852 yn
805 1790 873 1851 syre
888 1767 1071 1852 dracleuyn
1083 1769 1125 1849 (si
1139 1766 1356 1830 interficeretis
1371 1765 1430 1840 rbi,

265 1894 332 1936 non
347 1883 429 1934 esset
445 1869 513 1947 tibi,
528 1871 584 1954 qui
599 1883 631 1934 te
646 1871 754 1934 vivum
768 1873 912 1934 redderet
926 1871 1055 1955 iterum)
1070 1881 1099 1950 1,
1115 1879 1188 1935 273.
1199 1895 1276 1957 [ηομ
1291 1894 1312 1934 a
1323 1891 1433 1955 pyme-

265 1999 334 2040 rwn
349 1998 454 2060 ynneu
468 1998 512 2059 yn
527 1997 575 2038 rer
588 1975 648 2057 pei
660 1977 716 2040 ath
728 1997 890 2060 pymeraen
905 1979 1014 2059 (quem
1028 1999 1185 2042 sumerem
1199 1999 1257 2060 ego
1271 1976 1386 2052 virum,
1405 1975 1435 2036 ai

269 2095 300 2146 te
322 2079 513 2162 sumereml)
532 2087 569 2156 1,
588 2084 662 2141 276.
684 2079 732 2142 mi
749 2102 788 2142 ae
810 2081 919 2144 lledea'e
942 2085 1014 2164 (ego
1035 2083 1135 2145 occidi
1154 2086 1241 2165 eum)
1260 2091 1288 2158 l,
1308 2087 1380 2142 244.
1409 2080 1437 2144 s·
1459 2079 1462 2082 ’

269 2187 374 2252 aallut
394 2185 542 2270 dywedut
563 2183 638 2248 anei
658 2183 822 2268 lyparach
835 2186 896 2268 pei
914 2209 951 2250 ae
973 2187 1107 2272 mynlut
1128 2191 1179 2266 (tu
1199 2207 1307 2271 posses
1328 2185 1437 2248 dicere

268 2293 354 2376 quod
367 2300 449 2354 esset
464 2288 590 2364 laetius,
608 2288 636 2350 ai
650 2289 684 2351 id
697 2290 808 2372 velles)
827 2299 856 2368 1,
875 2296 949 2354 259.

355 2395 391 2459 Si
413 2396 530 2458 adsunt
551 2393 726 2477 paniculae
740 2395 905 2478 negativae
920 2396 972 2459 vel
986 2397 1225 2480 conjunctiones
1239 2395 1433 2482 primitivae,

268 2501 353 2565 cedit
363 2497 520 2585 particula
530 2498 664 2562 verbalia
676 2500 832 2563 cambrica
843 2512 977 2584 utraque
987 2502 1139 2586 positiva:
1158 2511 1216 2587 ayt
1228 2503 1274 2586 af
1280 2526 1301 2588 y
1316 2500 1438 2585 mastya

269 2607 355 2692 kyny
377 2605 533 2689 wnelwys
553 2603 620 2667 dim
642 2626 678 2668 oe
698 2607 863 2690 adywedy.
888 2629 954 2691 yny
975 2607 1123 2691 wypwff
1137 2607 1280 2691 aallwyf
1298 2629 1319 2668 a
1340 2603 1437 2669 serat

268 2711 358 2797 ywel
374 2713 454 2794 (nou
476 2709 528 2774 ibo
550 2731 570 2773 a
590 2719 621 2772 te
642 2710 742 2772 donec
757 2709 870 2772 faciam
884 2710 1006 2793 aliquid
1020 2712 1060 2774 de
1074 2731 1111 2774 eo
1126 2712 1211 2795 quod
1225 2711 1315 2786 dicis,
1333 2711 1437 2772 donec

269 2815 367 2880 aciem
387 2837 467 2878 num
487 2815 607 2899 possim
627 2815 712 2898 quad
722 2815 816 2898 juvat
829 2819 899 2897 vos)
916 2817 1003 2880 Mab.
1026 2824 1054 2892 1,
1075 2822 1147 2878 253.
1172 2838 1214 2900 sy
1231 2815 1345 2898 chelas
1353 2816 1436 2894 (non

269 2922 391 3002 celabo)
410 2927 438 2998 1,
455 2925 492 2980 27
498 2925 528 2982 6.
550 2943 593 3004 ny
608 2919 718 2983 raelaia
734 2919 852 3005 eiryoet
866 2924 945 3001 (uon
959 2921 1039 2984 vidit
1054 2925 1222 3004 unquam),
1245 2942 1288 3003 sy
1302 2918 1439 2982 welsunt

269 3025 335 3089 dim
352 3029 431 3107 (non
453 3023 601 3087 viderunt
621 3024 767 3108 aliquid),
792 3025 910 3088 adileu
931 3027 991 3088 oed
1005 3047 1071 3109 pas
1086 3025 1196 3088 oweim
1213 3045 1257 3088 na
1269 3022 1377 3086 weleea'
1390 3023 1437 3085 ei·

269 3140 358 3216 ryoet
379 3133 425 3211 (et
439 3147 625 3212 persuasum
647 3141 714 3192 erat
728 3130 784 3206 O.,
810 3131 895 3212 quod
916 3151 983 3192 non
1004 3129 1134 3194 vidisset
1156 3131 1312 3212 unquam)
1330 3135 1358 3204 1,
1381 3135 1434 3190 15.

262 3257 351 3320 peny
364 3236 473 3319 wydut
484 3231 510 3294 a·
518 3235 640 3314 (annon
651 3235 770 3298 sciebas
778 3235 805 3316 l)
816 3241 845 3311 1,
858 3240 888 3295 9.
902 3233 968 3298 ken
976 3235 1122 3318 pwydwn
1133 3257 1155 3318 y
1166 3235 1243 3298 deut
1254 3233 1280 3297 a·
1288 3254 1341 3318 ym
1352 3231 1438 3294 kera-

269 3361 335 3402 aaw
351 3342 440 3420 (nam
461 3341 597 3402 sciebam
618 3341 703 3422 quod
723 3339 847 3404 venires
866 3350 901 3402 tu
915 3361 968 3404 me
983 3339 1175 3422 quaesitum)
1196 3347 1223 3414 1,
1243 3343 1295 3400 25.
1311 3337 1371 3419 pei
1383 3357 1437 3399 ro·

270 3445 328 3506 dut
349 3443 375 3506 a·
396 3489 403 3504 .
425 3489 432 3503 .
453 3489 460 3504 .
485 3443 532 3506 mi
552 3466 572 3506 a
593 3446 703 3507 rodwn
724 3444 766 3526 (si
786 3455 822 3506 tu
842 3445 944 3520 dares,
965 3491 972 3506 .
993 3491 1001 3506 .
1026 3445 1134 3506 darem
1148 3447 1220 3526 ego)
1238 3451 1267 3520 1,
1287 3447 1359 3504 273.
1376 3442 1441 3523 pei

269 3545 393 3630 kaffwn
417 3593 424 3608 .
446 3593 481 3608 ..
510 3551 697 3633 ypwydwn
720 3549 762 3630 (si
786 3569 960 3624 sumerem,
987 3595 1023 3610 ..
1047 3547 1192 3631 scirem),
1215 3547 1274 3630 pei
1289 3565 1438 3632 preypwn

272 3697 279 3714 .
297 3697 304 3712 .
322 3697 329 3712 .
348 3649 427 3713 mia
441 3651 647 3735 ymdidanws
663 3653 704 3734 (si
719 3654 842 3730 scirem,
859 3655 1034 3734 narrarem)
1051 3660 1079 3728 1,
1096 3659 1168 3714 247.
1184 3657 1257 3716 260.
1268 3674 1340 3734 pan
1351 3651 1438 3734 perir·

269 3753 346 3840 cycli
361 3753 398 3818 di
410 3755 486 3840 cyui
498 3755 566 3820 keu
573 3757 677 3840 parth
691 3780 730 3820 ar
745 3759 836 3822 india
847 3757 890 3838 (si
904 3757 1094 3840 quaesiveris
1111 3768 1147 3820 tu
1161 3779 1224 3834 me,
1239 3777 1353 3840 quaere
1367 3777 1438 3817 ver-

269 3881 323 3922 sus
339 3859 479 3942 Indiam)
495 3867 523 3938 1,
539 3867 612 3926 273.
630 3861 737 3943 ephan
752 3861 977 3946 hambwyllont
991 3861 1062 3946 hesy
1075 3885 1097 3946 y
1112 3864 1231 3926 dermnt
1243 3861 1300 3946 yth
1312 3859 1440 3944 pyrehu

271 3963 308 4028 di
322 3967 368 4046 (et
382 3986 455 4028 cum
470 3966 699 4044 consuluerint,
714 3967 843 4030 venient
854 3977 886 4028 te
897 3966 1090 4048 quaesitum)
1106 3975 1133 4043 1,
1152 3974 1202 4028 14.
1220 3964 1327 4048 ephan
1339 3963 1438 4026 raelaa

269 4069 315 4152 es.
333 4069 440 4152 aphes
460 4070 652 4156 edrychawd
666 4073 711 4152 (et
733 4093 807 4134 cum
822 4071 916 4154 vidit)
936 4079 963 4147 1,
985 4079 1034 4133 11.
1056 4078 1105 4133 13.
1124 4069 1182 4134 ata·
1194 4093 1259 4133 auu
1274 4067 1368 4132 ereio
1384 4075 1439 4130 tra

269 4193 313 4238 uu
332 4193 400 4260 ayw
421 4173 458 4238 li
471 4177 517 4256 (et
539 4175 608 4258 ipsa
629 4175 691 4238 fuit
711 4175 779 4259 ejus
801 4197 882 4239 uxor
903 4175 1055 4258 quamdiu
1070 4175 1131 4238 fuit
1145 4174 1242 4257 viva),
1260 4193 1439 4258 rwypawy

269 4297 343 4341 mur
364 4299 495 4364 ammoy
512 4279 582 4343 llere
596 4303 661 4366 yny
674 4279 777 4364 pariae
784 4281 883 4365 fford
894 4282 984 4346 allen
1000 4285 1214 4366 (perrumpere
1228 4299 1356 4344 murum
1372 4278 1437 4354 leo,

268 4383 368 4446 donec
383 4383 467 4466 cepit
482 4383 566 4448 viam
582 4385 678 4466 foras)
698 4393 725 4460 1,
745 4391 796 4446 36.
