3232 5074
340 395 407 458 III.
430 401 458 456 1.
505 413 714 460 ranrrcoma
728 411 898 458 vanslnns
913 413 1132 459 nrnnsrrrcsn.
1259 399 1321 460 413

156 563 372 646 quibusdam),
384 584 454 645 qua
474 561 705 646 significatione
719 584 925 645 personarum
938 563 1092 647 peculiari
1103 563 1172 647 jam
1187 566 1321 629 destrui·

156 681 209 732 tur
223 668 319 731 flexio
333 667 495 750 primitiva
509 667 682 752 personalis
698 667 794 750 hujus
809 668 935 751 generis
951 679 1017 732 tam
1030 669 1066 731 in
1079 679 1207 733 vetusta
1218 670 1323 734 hiber-

155 773 239 849 nica,
254 795 334 854 quae
342 773 438 856 juxta
453 772 579 835 tertiam
591 772 760 854 singularis
772 773 898 836 numeri
910 773 1035 836 tertiam
1046 774 1178 856 pluralis
1190 777 1245 839 sed
1256 797 1321 838 non

156 889 275 942 ceteras
297 877 332 940 in
354 877 517 940 communi
536 899 597 940 usu
613 877 760 953 servavit,
779 900 875 960 quam
889 879 925 942 in
940 878 1106 954 cambrica,
1126 901 1206 961 quae
1221 880 1321 944 solam

156 981 283 1046 tertiam
302 981 472 1065 singularis
487 982 641 1065 agnoscit.
673 984 844 1046 Recentior
858 983 969 1066 lingua
984 985 1105 1047 addens
1120 983 1235 1047 formas
1250 1006 1322 1068 pro-

156 1087 324 1150 nominum
341 1087 501 1150 absolutas
517 1089 557 1150 ad
572 1089 704 1150 verbum
720 1088 831 1151 tertiae
845 1109 1009 1172 personae,
1027 1089 1123 1172 idque
1138 1111 1204 1152 non
1219 1089 1322 1152 solum

155 1192 191 1254 in
213 1191 338 1275 passivo
354 1192 408 1254 sed
424 1191 520 1254 etiam
534 1191 569 1254 in
584 1191 698 1268 activo,
716 1193 819 1256 omnis
834 1193 979 1256 flexionis
994 1194 1168 1278 personalis
1183 1194 1256 1278 plus
1271 1193 1323 1256 vel

155 1295 263 1360 minus
281 1295 488 1360 obliviscitur.

241 1401 475 1465 Particulanmr
496 1401 718 1465 comitantium
740 1401 871 1466 'verbum
892 1403 1020 1487 utrique
1038 1402 1167 1486 linguae
1182 1425 1322 1466 commu-

159 1507 210 1570 nis
231 1529 297 1569 una
318 1506 422 1570 solum
443 1507 701 1591 deprehenditur,
718 1530 756 1572 ro
773 1509 893 1572 scilicet
908 1509 1036 1592 signum
1050 1508 1223 1593 praeteriti,
1242 1529 1323 1591 quac

158 1623 267 1674 tamen
288 1621 321 1674 et
341 1611 411 1694 ipsa
425 1611 494 1694 jam
515 1613 623 1677 deficit
643 1613 816 1678 recentiore
837 1623 956 1690 aetate3
981 1614 1015 1678 in
1037 1614 1108 1678 aliis
1128 1613 1323 1698 temporibus

258 2233 291 2305 1.
348 2233 633 2307 Particulae
664 2235 889 2308 verbales
920 2235 1216 2308 hibernicae.

241 2449 327 2514 Sunt
343 2449 405 2513 ΒΟ
421 2459 453 2512 et
467 2449 531 2513 ΝΟ
546 2449 666 2514 indices
687 2452 857 2535 regulares,
875 2451 931 2514 illa
945 2449 1118 2533 praeteriti,
1137 2449 1214 2514 haec
1229 2473 1319 2534 prae-

156 2555 255 2618 sentis
275 2554 471 2630 secundarii,
494 2553 530 2618 in
552 2555 621 2620 aliis
644 2557 837 2640 temporibus
858 2557 959 2620 rarius
981 2555 1101 2620 obviae.
1135 2556 1318 2630 Quaeritur,

156 2682 199 2722 an
220 2659 306 2742 prior
326 2659 483 2742 particula
504 2659 610 2743 putari
631 2661 732 2744 possit
746 2683 814 2725 csse
829 2661 971 2745 ejusdem
986 2661 1117 2744 originis
1132 2681 1205 2724 cum
1220 2681 1256 2724 ro
1271 2661 1319 2724 in-

157 2763 280 2827 tensiva
301 2763 355 2844 (cf.
374 2763 634 2845 compositionem
652 2765 764 2848 partic.
788 2767 942 2851 insepar.)
958 2777 990 2830 et
1011 2767 1166 2850 posterior
1185 2789 1260 2830 cum
1279 2789 1320 2830 no

156 2868 287 2932 nativa
302 2871 349 2952 (p.
369 2872 456 2952 348).

242 2974 304 3037 RO
325 2973 440 3056 (rarius
460 2995 515 3052 ro,
537 2979 591 3058 ru)
612 2987 669 3040 aut
688 2975 848 3061 praecedit
869 2987 943 3040 ante
964 2977 1113 3053 verbum,
1137 2976 1165 3040 si
1185 2975 1321 3060 simplex

157 3087 216 3154 est,
233 3089 290 3141 aut
303 3078 527 3142 intromittitur
541 3089 614 3163 post
628 3083 893 3164 praepositionem
907 3084 941 3146 iu
956 3085 1051 3146 verbo
1066 3081 1250 3165 composito.

244 3191 273 3246 1.
307 3185 513 3261 Praecedens,
532 3185 567 3247 in
589 3185 708 3248 activo:
734 3186 827 3250 selred
845 3187 968 3250 ror-blas
990 3187 1064 3250 doit
1080 3189 1143 3269 (est
1161 3185 1221 3249 hoc
1236 3186 1321 3269 quod

156 3285 357 3352 manifestavi
387 3289 489 3372 robis)
513 3291 671 3352 Wb.13¹.
701 3292 979 3376 rotoltanor'qestor
1000 3293 1058 3375 (gl.
1082 3291 1236 3375 placitum
1258 3301 1318 3366 est,

156 3393 297 3475 Caesari)
314 3395 370 3478 Sg.
391 3390 433 3456 7⁶.
451 3393 655 3458 roclirocltsat
666 3416 714 3458 cr.
733 3395 973 3478 (crucifixerunt
988 3397 1166 3479 Christum)
1182 3397 1258 3460 Wb.
1278 3401 1318 3458 5⁰.

155 3499 339 3563 rochreitset
354 3501 393 3563 do
401 3508 535 3582 precept
548 3499 615 3562 ihu.
634 3501 849 3582 (erediderunt
863 3501 1041 3566 doctrinam
1054 3503 1076 3566 J
1077 3505 1147 3584 esu)
1160 3503 1236 3566 Wb.
1252 3497 1317 3564 24⁶.

155 3605 196 3667 In
218 3605 370 3694 passivo:v
394 3604 710 3688 r'sdiorfoirbtltctum’
734 3608 901 3670 roscrtdod
919 3608 973 3689 (ad
1001 3607 1234 3670 confirmandos
1263 3628 1321 3669 nos

155 3711 309 3795 scriptum
324 3716 386 3793 est)
403 3711 478 3772 Wb.
498 3704 541 3772 2¹¹.
566 3709 865 3776 istritkairmthecht
882 3712 988 3776 recito
1003 3711 1325 3796 roscilsr'pedpeccod

155 3818 225 3901 (per
240 3814 522 3900 transgressionem
540 3815 620 3898 legis
634 3816 873 3880 manifestatum
888 3827 936 3881 est
950 3821 1129 3901 peccatum)
1149 3812 1212 3878 13¹¹.

240 3921 421 4005 Depellitur
447 3919 609 3982 interdum
630 3921 786 4002 particula
806 3922 967 4004 praeteriti
990 3923 1030 3985 ab
1052 3921 1121 3984 aliis
1143 3918 1319 4002 particulis,

155 4047 184 4088 e.
200 4047 249 4108 gr.
267 4031 294 4100 ό,
311 4028 363 4089 ni:
382 4025 532 4089 ochretoit
545 4023 637 4088 ninid
652 4025 732 4089 airlt'
745 4027 878 4088 ormban
894 4029 948 4106 (ex
962 4047 1025 4108 quo
1040 4025 1241 4088 crediderunt
1255 4044 1321 4085 non

156 4140 206 4192 est
225 4130 317 4192 nobis
338 4129 518 4192 obedientie
538 4128 710 4193 mulierum
730 4134 925 4212 nostrarum)
947 4131 1023 4192 Wb.
1044 4133 1106 4190 31⁰.
1130 4129 1167 4190 πί
1185 4127 1323 4191 thracem·

156 4254 235 4308 rora,
252 4233 290 4296 m’
311 4243 413 4300 taceat
427 4239 507 4316 (non
521 4233 766 4310 intellexerunt;
789 4255 847 4316 pro
861 4233 898 4296 ni
910 4243 1047 4311 reuocat,
1065 4233 1103 4298 ni
1115 4233 1321 4308 (Io-roccam,

156 4338 198 4402 rs.
216 4339 292 4402 Wb.
311 4335 383 4400 26⁶:
401 4339 438 4402 ni
452 4339 552 4402 aoinn
567 4348 697 4402 raucsat
711 4341 749 4402 nr'
761 4347 891 4402 occatur
906 4338 986 4415 Iino,
1004 4339 1048 4422 gl.
1066 4361 1132 4402 non
1148 4339 1324 4402 secundum

156 4441 361 4507 traditionem
388 4465 484 4526 quam
506 4457 697 4529 acceperunt
724 4443 875 4521 anobis,
901 4445 1080 4528 ambulant)
1102 4447 1177 4510 Wb.
1198 4449 1322 4520 8·.15·,
