3104 5078
204 421 289 484 1.·2.
337 439 508 486 consonas
524 438 735 488 usouonrmrs
751 439 937 490 mausona
952 439 1116 484 rnrncuo.
1186 422 1242 486 191

402 765 575 838 CAPUT
617 766 918 840 SECUNDUM.

120 987 171 1058 Dc
187 986 356 1058 consonis
374 1009 480 1058 voces
496 986 756 1058 inchoantibus
774 1009 973 1079 earumque
991 986 1201 1064 infectione.

163 1222 255 1286 Patet
264 1219 336 1303 jam
351 1241 392 1284 ex
406 1219 457 1297 iis,
475 1241 556 1303 quaa
571 1219 735 1303 disputata
751 1231 828 1284 suut
843 1219 1022 1304 hucusque,
1041 1243 1195 1288 consonos
1209 1224 1244 1290 in

91 1323 170 1390 initio
189 1347 315 1402 vocum,
333 1347 401 1390 non
422 1327 526 1390 solum
546 1347 667 1402 earum,
685 1347 765 1408 quae
787 1325 913 1390 suntin
931 1328 1070 1393 secundo
1084 1328 1136 1392 val
1151 1329 1244 1392 tertio

91 1430 149 1494 ioco
162 1429 337 1513 compositi,
356 1432 412 1494 sed
433 1431 530 1496 etiam
551 1453 632 1516 quoe
655 1441 733 1496 sunt
747 1441 837 1496 extra
851 1431 1112 1515 compositionem
1126 1434 1245 1498 solum·

91 1536 171 1598 nodo
191 1535 226 1598 in
244 1535 483 1600 constructione
502 1536 666 1612 sermonis,
684 1535 889 1602 iniectionem
908 1537 1014 1602 subire
1029 1539 1244 1621 qualemcum-

92 1661 153 1722 que,
170 1651 262 1723 atque
276 1641 366 1724 leges
387 1640 455 1724 ejus
470 1641 650 1706 infectionis
666 1651 733 1706 tam
746 1641 782 1706 in
796 1641 959 1708 hibernica
972 1643 1084 1728 lingon
1098 1667 1195 1728 quom
1208 1645 1244 1710 iu

91 1744 254 1810 britannica
274 1767 343 1810 non
364 1746 488 1812 differre
509 1746 698 1831 generaliter
712 1769 732 1810 a
745 1747 868 1830 legibus
884 1757 917 1812 et
930 1749 1049 1834 regulis
1064 1749 1244 1816 infectionis

92 1848 237 1914 inmedio
259 1861 293 1914 et
313 1852 380 1914 fine
402 1873 527 1916 vocum.
558 1852 612 1918 Ita
631 1871 788 1916 consonas
803 1851 989 1918 inchoantes
1004 1857 1176 1920 secundam
1191 1877 1244 1920 vo-

93 1975 152 2018 cem
168 1955 201 2018 in
215 1955 371 2039 exemplis
386 1956 575 2022 hibernicis:
600 1965 730 2024 muctar
750 1957 869 2022 cessoir
890 1959 1024 2040 (familia
1038 1961 1213 2044 Caesaris),
1231 1962 1246 2026 ι’

94 2059 155 2124 att
168 2061 213 2142 (in
223 2083 337 2145 pugna
345 2087 355 2137 ς
372 2083 413 2126 ex
423 2062 458 2126 ιἰι
470 2063 572 2148 cath),
586 2083 637 2126 mo
649 2061 784 2138 cancel,
798 2083 848 2126 mo
860 2063 980 2128 chload
993 2067 1109 2148 (genus
1121 2089 1240 2143 meum,

95 2165 183 2246 proles
197 2169 296 2248 mea),
321 2188 373 2230 mo
395 2167 463 2232 stol
475 2169 637 2250 (voluntas
656 2171 759 2249 mea),
777 2168 817 2232 do
832 2167 961 2250 ptopal
980 2171 1127 2254 (populo)
1143 2173 1244 2236 obviis

94 2267 218 2348 inWb.‚
235 2283 417 2355 sequuntur
438 2275 566 2338 easdem
586 2272 723 2356 regidos,
743 2295 821 2356 quas
841 2285 1020 2357 sequuntur
1039 2275 1075 2340 in
1094 2278 1199 2342 medio
1213 2289 1246 2344 ct

95 2375 150 2440 ime
166 2377 199 2440 in
219 2379 351 2444 vocibus
372 2399 463 2444 more
481 2382 598 2464 (equus
607 2403 616 2454 ι
642 2399 739 2442 onon
753 2379 870 2444 infecto
884 2380 925 2443 ob
939 2379 1161 2464 positionem),
1179 2383 1246 2448 ooa'o

96 2484 250 2568 (quinque;
267 2508 285 2550 e
300 2483 422 2565 ccicc),
441 2483 549 2550 attan
565 2483 680 2566 (iatum
698 2483 842 2566 aleton),
859 2483 960 2550 octhir
974 2487 1139 2568 (quatuon
1163 2509 1244 2554 cco-

98 2588 156 2670 dr),
171 2591 222 2656 eat
235 2593 289 2672 (ex
305 2611 343 2654 oc
355 2621 400 2642 ==
414 2609 463 2670 ep,
482 2609 602 2672 equus3
622 2595 645 2664 t,
663 2611 680 2650 c
694 2588 829 2655 infectae
843 2599 934 2654 extra
947 2589 1163 2673 positionem).
1193 2593 1247 2656 Fit

99 2711 178 2774 porro
195 2694 322 2760 iniectio
342 2715 499 2760 consonae
513 2694 535 2756 k
549 2693 688 2760 nominis
702 2693 756 2758 tei
773 2693 808 2758 in
823 2694 977 2777 exemplis
992 2693 1156 2758 cambricis
1172 2717 1246 2760 con·

100 2799 224 2864 emetis:
252 2825 273 2866 o
294 2800 369 2866 chec'
391 2779 443 2882 (et'
459 2799 588 2880 Caius),
610 2820 632 2882 y
656 2798 711 2882 pei
735 2799 790 2881 (ad
810 2797 942 2873 Caium,
961 2797 1072 2879 Caio),
1096 2799 1249 2882 mycpkea'

99 2901 195 2982 (Caius
207 2911 310 2989 meus)
328 2907 418 2970 Mab.
435 2905 546 2970 eodem
561 2905 656 2968 modo
670 2903 758 2968 utin
771 2903 876 2967 medio
891 2903 941 2968 vel
956 2905 1021 2966 tine
1035 2923 1150 2968 vocum
1167 2903 1247 2970 buch

98 3009 148 3088 (=·
159 3009 238 3087 buce,
254 3033 373 3086 vacem
397 3011 490 3076 achei
501 3032 558 3093 pro
573 3031 612 3072 ac
626 3007 710 3090 cas),
728 3007 940 3092 marckopyoo
963 3005 1110 3089 (equites,
1128 3030 1146 3072 e
1160 3030 1246 3072 mos*-

99 3111 214 3198 chao),
230 3117 357 3202 anphora
372 3117 483 3198 (mors,
496 3137 537 3178 ex
551 3115 678 3196 ancon).
707 3111 866 3178 Videntur
881 3123 988 3178 tamen
1001 3113 1159 3194 quaedam
1173 3135 1247 3178 con·

99 3219 244 3298 tradicere,
261 3243 322 3286 nec
344 3221 454 3286 statim
473 3220 558 3284 clara
580 3240 608 3285 a.
625 3241 674 3302 gr.
691 3228 740 3282 est
761 3238 857 3283 causa
878 3215 1076 3293 infectionis,
1094 3239 1151 3284 cur
1172 3219 1247 3284 scri-

100 3333 179 3403 ptum
199 3325 381 3394 inveniatur
408 3325 569 3390 hibernica
596 3322 801 3390 aerodianos
822 3323 1013 3406 (princeps),
1033 3321 1249 3405 flrtkrebat're

101 3427 176 3506 (vera
188 3433 382 3515 prudentia),
397 3431 474 3496 s'mm
489 3429 589 3496 chaun
605 3429 702 3510 (circa
714 3431 837 3512 caput),
855 3451 929 3494 cum
943 3427 1049 3511 potius
1064 3428 1105 3492 ob
1119 3429 1248 3511 positio-

100 3553 164 3598 nem
180 3559 252 3602 cum
273 3537 396 3620 liquida
416 3535 667 3618 exspectandum
682 3533 724 3598 sit
738 3532 938 3608 airciooach,
953 3531 1154 3616 firtrabcs're,
1172 3535 1248 3600 imm

102 3659 183 3715 ccam
206 3642 271 3706 siva
290 3664 348 3709 cur
372 3639 528 3706 sambrico
557 3638 711 3703 scribatur
737 3636 888 3702 artenaio
908 3635 1068 3720 (princeps
1075 3662 1085 3712 ;
1107 3660 1126 3702 s
1145 3642 1246 3704 subst.

99 3747 184 3826 pm)
213 3757 245 3811 et
270 3757 380 3812 contra
400 3755 474 3829 post
494 3745 628 3810 eandam
654 3763 825 3808 somonam
849 3741 1050 3826 pwrtdcyrn,
1076 3745 1249 3828 porthcyrn

102 3847 236 3933 (maguus
255 3851 423 3926 dominus3
453 3847 689 3932 Gurthipmuo
710 3869 744 3912 n.
762 3871 811 3932 pr.
829 3847 907 3923 viri;
930 3869 948 3910 e
971 3848 1072 3910 rubst.
1091 3857 1192 3932 leym,
1212 3847 1249 3910 ti-

100 3959 191 4036 9em).
221 3957 362 4023 Solvitur
376 3956 595 4032 contradictio,
613 3955 642 4020 si
663 3953 869 4020 conferuntur
883 3951 1115 4018 vetustissimae
1131 3951 1249 4015 formae

103 4075 213 4136 vocum,
230 4061 349 4129 scilicet
368 4061 456 4126 anati
476 4083 533 4146 pro
556 4061 651 4138 imm,
668 4060 738 4136 ari,
761 4081 817 4124 arc
838 4080 896 4142 pro
917 4057 969 4122 cir
984 4061 1031 4138 (p.
1050 4061 1080 4116 6·
1099 4059 1146 4135 ⁷),
1165 4053 1250 4116 unde

101 4163 178 4228 asti
196 4189 273 4232 ωιιιι
293 4177 326 4230 et
339 4166 506 4232 crociam
519 4169 605 4232 fiunt
619 4166 713 4233 imme
727 4166 838 4240 cheno,
857 4163 933 4226 imm
948 4159 1048 4222 chenu
1062 4169 1095 4220 et
1110 4155 1250 4220 circhin-

103 4267 171 4332 Μελ
180 4269 347 4348 hibernice,
357 4282 391 4337 et
400 4272 571 4354 arepmm'o
581 4271 735 4338 cambriae
746 4265 907 4342 artenaio,
917 4263 1059 4345 arsenio,
1074 4261 1250 4326 Secundum

104 4375 234 4454 regulam
246 4377 405 4462 propriam
416 4378 571 4462 cujusquo
582 4377 723 4461 linguae,
738 4374 834 4439 unius
846 4392 928 4454 quae
938 4367 1056 4451 aspirat
1067 4376 1158 4430 entra
1167 4365 1251 4448 posi·

108 4475 223 4556 tionem,
235 4483 374 4558 alterius,
385 4505 465 4566 quae
476 4482 632 4548 destituit.
654 4483 696 4545 In
707 4477 881 4562 composito
892 4475 1015 4538 hibern.
1021 4469 1248 4555 ft'rtdrcdaire,
