3184 5078
301 391 342 455 48
636 389 665 450 Ι.
697 395 726 448 1.
773 403 942 448 consonas
960 401 1126 446 cremona.

386 561 496 624 Statirs
511 555 679 641 aspiratus,
697 555 814 632 mollis,
830 554 882 617 vel
896 551 1025 617 infectio
1040 551 1188 636 aspirata,
1205 552 1322 629 mollis,
1336 551 1470 617 infectio

299 685 511 729 consonarum
525 661 662 746 propria,
679 683 754 745 prae
769 660 891 738 ceteris,
909 658 972 722 diei
986 658 1103 741 poterit
1111 683 1121 734 3
1143 657 1222 720 haec
1236 670 1285 722 cst
1300 659 1398 722 ctiam
1412 661 1469 722 ad-

299 771 363 833 huc
378 769 473 832 unica
487 769 552 831 fere
567 767 659 832 obvio
673 767 708 830 in
723 766 856 829 vetustis
872 765 1031 828 codicibus
1046 763 1228 830 hibernicis,
1258 765 1379 828 Contra
1392 788 1467 849 pro-

298 874 535 938 nuntiationem
556 873 732 936 molliorem
753 871 868 934 barum
889 891 1100 934 consonarum
1122 869 1292 932 infectione
1307 882 1467 954 correpta·

298 1001 370 1042 rum
392 978 515 1041 codices
537 977 691 1040 hibernici
711 987 831 1040 veteres
854 977 957 1040 solent
971 987 1081 1039 notare
1095 975 1391 1058 pronuntiationem
1405 977 1467 1038 du-

297 1085 412 1148 riorem
434 1093 535 1146 status
558 1081 699 1166 primarii
725 1082 951 1165 scriptione
976 1080 1143 1164 duplice
1165 1101 1377 1143 consonarum
1396 1103 1467 1144 non

297 1189 486 1253 infectarum
501 1188 549 1270 (in
565 1189 631 1250 solo
647 1189 703 1270 Sg.
721 1209 753 1250 m
773 1187 865 1270 signo
879 1187 1065 1271 plerumque
1080 1196 1210 1248 notatur
1224 1185 1464 1268 duplicationis,

297 1295 414 1358 lineola
434 1293 555 1357 scilicet
575 1294 784 1377 supraducta3
809 1293 844 1356 in
864 1293 934 1356 aliis
956 1302 1065 1355 autem
1084 1291 1244 1370 codicibus
1266 1301 1300 1353 et
1321 1289 1399 1353 haec
1415 1290 1468 1354 bis

298 1400 470 1482 scribitur),
489 1399 585 1462 etiam
604 1398 639 1460 in
653 1398 827 1482 positione,
851 1409 889 1461 ut
903 1397 1025 1482 patebit
1038 1417 1056 1458 e
1070 1395 1217 1480 plurimis
1232 1395 1313 1458 infra
1330 1415 1467 1478 sequen·

297 1506 383 1570 tibus
398 1505 568 1588 exemplis,
594 1486 738 1587 quamvis
754 1525 820 1566 non
834 1503 869 1567 in
884 1523 1085 1568 communem
1100 1523 1196 1564 usum
1210 1513 1306 1584 atque
1320 1500 1466 1584 regulam

297 1610 458 1675 transierit
473 1631 510 1673 ea
525 1609 665 1692 scriptio.

385 1715 470 1778 Sunt
495 1726 528 1778 et
553 1715 633 1778 aliae
654 1718 809 1798 quaedam
835 1737 1045 1782 consonarum
1071 1713 1257 1777 infectiones
1278 1711 1312 1774 in
1336 1721 1466 1775 vetuste

296 1820 424 1902 lingua,
450 1819 505 1882 sed
526 1841 727 1902 nequaquam
744 1821 825 1884 tanti
839 1823 996 1898 ambitus,
1021 1831 1178 1904 quantum
1193 1817 1399 1901 occupantia
1414 1837 1464 1880 rc-

296 1925 445 1989 centiore.
485 1924 739 1988 infectionis
772 1927 931 1990 nasalis
952 1927 1045 1990 initia
1066 1923 1135 2008 jam
1160 1922 1400 2007 conspiciuntur
1426 1921 1473 1984 in·

295 2029 429 2107 vetustis
448 2029 561 2113 glossis
582 2029 752 2094 hibernicis
774 2041 806 2093 et
821 2033 1002 2109 combricis,
1028 2051 1134 2095 cume
1155 2051 1203 2113 gr.
1221 2027 1370 2091 scribitur
1390 2027 1460 2090 hib.

294 2133 406 2212 imme,
431 2135 524 2211 imm,
548 2157 606 2218 pro
632 2134 713 2198 imde
733 2138 863 2217 (vetust.
887 2139 963 2221 gall.
986 2137 1103 2218 ambi),
1129 2146 1162 2199 et
1187 2136 1306 2198 cambr.
1325 2155 1377 2197 am
1403 2137 1464 2215 (=

294 2242 411 2323 amm),
437 2249 561 2303 mutata
579 2241 596 2303 d
612 2240 646 2302 in
662 2262 704 2303 m.
738 2241 879 2305 Maxime
894 2241 1026 2304 dilatata
1040 2241 1203 2306 invonitur
1217 2240 1252 2302 in
1266 2239 1459 2315 britannice,

293 2344 477 2429 praesertim
492 2345 648 2408 cambrica
661 2347 833 2410 recentiore
848 2359 880 2410 et
894 2348 1057 2424 hodierna,
1075 2359 1113 2410 ut
1127 2347 1208 2410 etin
1223 2345 1385 2408 hibernica
1400 2344 1459 2407 ho-

293 2451 600 2535 diemaetgaolica,
624 2451 791 2514 infectio
816 2453 1062 2516 destituens.
1094 2453 1191 2515 Hanc
1206 2450 1337 2514 omnino
1351 2449 1458 2514 adhuc

292 2557 418 2641 ignorat
440 2557 551 2640 lingua
570 2567 696 2620 vetusta
710 2556 888 2634 hibernica,
911 2557 946 2620 in
961 2577 1024 2640 qua
1044 2567 1120 2620 sunt
1141 2577 1233 2620 voces
1254 2577 1282 2618 e.
1300 2577 1348 2639 gr.
1366 2577 1455 2633 actu,

292 2683 386 2726 aecus
401 2665 496 2745 (part.
512 2673 554 2739 et,
569 2663 669 2725 subst.
684 2662 855 2745 vicinitas),
871 2672 983 2726 cretam
997 2663 1114 2745 (fides),
1130 2663 1178 2725 ce't
1192 2663 1363 2744 (centum),
1377 2681 1460 2745 quae

292 2767 386 2833 hodie
408 2767 590 2831 scribuntur
612 2789 690 2852 opus
700 2815 710 2844 ,
736 2769 877 2844 medem,
904 2769 991 2830 ce'ad.
1029 2769 1098 2831 Nec
1119 2777 1263 2831 vetustae
1283 2767 1460 2830 cambritae

290 2873 413 2955 glossae
423 2873 491 2956 jam
506 2873 687 2937 destituunt
702 2884 813 2936 tenues
829 2873 864 2935 in
878 2873 1009 2950 mediaS,
1024 2874 1079 2935 sed
1093 2873 1236 2935 scribunt
1247 2873 1351 2935 adhuc
1364 2894 1393 2934 e.
1408 2893 1456 2955 gr.

292 2979 456 3042 huicdetie
471 2979 689 3063 (pellucidus),
711 2977 825 3042 coitoir
840 2979 986 3061 (pubes),
1009 2979 1055 3042 rit
1068 2980 1200 3061 (vadum
1209 3001 1217 3053 ;
1236 2977 1276 3040 cf.
1294 2979 1458 3061 Augusto·

290 3084 403 3160 ritum,
422 3083 547 3147 Galliae
562 3083 745 3167 oppidum),
769 3106 843 3166 map
860 3083 986 3166 (filius),
1012 3083 1080 3165 orep
1102 3085 1256 3166 (pecten),
1283 3094 1458 3166 quaesunt

291 3189 383 3252 hodie
399 3187 625 3272 llywyolrediq,
650 3189 760 3266 cedor,
778 3191 859 3274 ryd,
876 3189 966 3266 mab,
985 3188 1063 3251 crib.
1096 3189 1139 3251 Et
1158 3187 1255 3271 hujus
1276 3197 1385 3251 tamen
1408 3188 1457 3250 irr-

288 3292 434 3356 fectionis
456 3292 549 3354 initia
578 3303 628 3355 sat
647 3304 773 3358 vetusta
793 3315 861 3356 esse
882 3295 1078 3357 demonstrat
1099 3317 1165 3357 non
1184 3295 1287 3358 solum
1309 3293 1459 3377 mediaq

288 3397 404 3460 finiens
429 3397 554 3480 saepius
569 3419 701 3465 excussa
717 3398 897 3482 (destituta)
913 3399 947 3462 in
963 3399 1074 3462 iisdem
1088 3399 1201 3482 glossis
1217 3398 1400 3475 cambricis,
1424 3409 1457 3461 et

289 3513 355 3565 tom
368 3493 484 3564 finiens
500 3523 596 3585 quam
610 3503 736 3566 interna
747 3503 780 3567 in
792 3505 921 3568 vocibus
932 3505 1061 3587 linguae
1073 3525 1221 3567 romanae
1231 3503 1365 3586 gallicae
1376 3505 1457 3567 adeo

287 3605 523 3683 vetrrstioribuS,
534 3608 589 3669 sed
600 3607 696 3671 etiam
709 3611 855 3673 tenuium
865 3611 1006 3694 ipsarum
1017 3609 1182 3672 destitutio
1194 3609 1287 3672 obvia
1297 3608 1332 3672 in
1343 3610 1455 3672 eadem

286 3711 398 3792 lingua
412 3711 526 3793 gallica
541 3735 618 3776 aevo
632 3725 754 3776 certum
769 3715 970 3798 carolingico,
989 3717 1023 3777 in
1038 3714 1198 3778 codicibus
1213 3713 1335 3777 scilicet
1353 3727 1455 3776 terrae

286 3816 478 3880 continentis
505 3817 573 3901 ejus
599 3820 669 3882 aevi
694 3821 745 3883 vel
771 3821 867 3884 etiam
884 3821 953 3904 jam
974 3820 1097 3904 prioris.
1131 3819 1287 3902 Exempla
1307 3819 1391 3882 infra
1406 3840 1453 3882 se·

286 3933 425 4006 quentur
440 3923 474 3986 in
490 3923 588 3987 classe
603 3926 780 3989 mediarum
794 3939 827 3989 et
841 3925 988 3988 tenuium
1002 3925 1263 3989 britannicarum.

369 4027 550 4092 Dicendum
566 4053 655 4093 nuno
669 4031 809 4114 primum
823 4033 862 4094 de
878 4043 993 4094 natura
1007 4043 1040 4094 et
1054 4030 1225 4094 infectione
1241 4049 1454 4092 consonarum

283 4133 468 4216 praesertim
489 4135 686 4199 internarum
712 4149 744 4199 et
767 4137 950 4200 finientium
974 4138 1027 4220 (de
1055 4135 1202 4199 consonis
1223 4133 1451 4218 incipientibus

283 4261 374 4302 voces
390 4240 424 4302 in
440 4252 591 4323 sequente
607 4241 735 4324 eapite),
754 4243 929 4305 secundum
945 4243 1088 4305 ordinem
1103 4241 1264 4316 classium,
1286 4239 1362 4322 quio
1378 4263 1452 4302 con·

284 4363 380 4406 sonae
394 4343 548 4429 cujusque
560 4347 669 4410 classis
680 4347 867 4432 plerumque
878 4349 1070 4412 concordant
1082 4347 1165 4412 inter
1176 4367 1209 4409 se
1221 4346 1256 4409 in
1266 4345 1448 4409 infectione.
