3218 5068
323 408 384 469 102
429 409 495 470 ΙΙΙ.
516 413 545 470 2.
578 429 679 471 vunai
696 425 1393 472 111111111111111111111101111111111111.

327 581 397 651 188,
417 583 448 637 4.
479 577 576 659 Apud
599 578 715 660 Pryoe:
738 575 859 660 qnoloiz
880 576 974 657 (vidi;
998 607 1041 629 =
1064 575 1146 658 nio).
1181 576 1325 639 Armon:
1350 597 1432 659 quer
1450 599 1489 640 ne

324 679 430 743 liniris
452 680 598 744 assellis
619 685 699 761 (non
722 683 852 744 verbum
873 681 958 757 dixi,
981 703 1049 750 non
1067 681 1148 762 vidi)
1163 680 1250 744 Buh.
1272 685 1343 757 122,
1365 687 1415 743 16.
1437 688 1485 744 17.

324 807 422 868 1911011
444 807 482 848 en
506 785 966 869 ωομε(111εο]ω111)161,1.
993 795 1022 850 te
1036 809 1056 849 o
1068 807 1149 868 qoor
1164 787 1222 848 doe
1235 807 1297 849 nen
1312 785 1433 848 autres}
1446 808 1490 849 no

323 911 384 971 nel)
403 890 477 971 quis
500 891 643 954 concedis
663 899 737 973 quet
751 892 801 972 (tu
822 891 895 967 sois,
914 893 1003 967 deus,
1023 891 1107 974 quod
1126 911 1192 953 non
1208 889 1288 953 cessi
1302 889 1332 952 ei
1346 911 1406 952 neo
1425 890 1489 953 ullo

323 995 418 1057 modo
433 995 593 1076 consensi)
610 1002 662 1071 44,
682 1000 733 1057 23.
753 1001 804 1057 24.

410 1105 441 1160 2.
458 1121 541 1182 pers.
574 1100 700 1162 Cambr.
719 1099 821 1162 EIST
837 1101 890 1181 (ex
913 1099 960 1164 -t's
982 1109 1015 1163 et
1036 1099 1063 1164 a·
1082 1099 1321 1182 pronominei):
1347 1098 1489 1164 othitdco

324 1225 363 1264 oe
377 1203 502 1268 dictent
517 1207 563 1284 (et
578 1215 614 1266 tu
628 1203 807 1266 vindicatus
823 1226 856 1267 es
872 1223 942 1274 eos;
962 1205 1063 1266 subet.
1081 1203 1161 1278 diat,
1179 1203 1333 1284 vindicta)
1349 1205 1439 1266 Mab.
1459 1211 1486 1280 1,

327 1312 400 1368 262.
418 1309 561 1388 paredus·
581 1309 637 1371 deo
660 1307 746 1392 coffo
768 1310 810 1393 dy
830 1317 903 1390 oret
922 1307 1063 1370 orodeiet
1077 1307 1104 1370 ti
1115 1307 1260 1392 ymipon
1275 1308 1381 1372 rodeis
1395 1291 1489 1393 yttiy

324 1431 416 1474 moen
423 1433 495 1493 pon
508 1411 619 1476 lodoici
629 1435 669 1498 yr
681 1413 785 1476 odone
797 1413 925 1492 (Pered.
940 1411 1085 1486 formose,
1100 1411 1300 1475 reminiscere
1310 1412 1489 1496 promissio

291 1558 293 1564 ·
325 1515 375 1578 nis
391 1525 476 1592 tuae,
495 1539 590 1599 quam
605 1517 720 1580 dedisti
734 1516 825 1592 mihi,
842 1537 916 1579 eum
930 1515 1004 1578 dedi
1019 1515 1077 1576 tibi
1091 1515 1241 1597 lapidem,
1260 1537 1334 1578 cum
1348 1517 1490 1580 cecidisti

324 1621 505 1704 draconem)
523 1623 611 1684 Mab.
632 1629 661 1697 1,
680 1626 753 1682 232.
779 1641 838 1705 ayo
858 1619 1137 1706 qorcdymynoeist
1151 1622 1231 1701 (non
1242 1620 1382 1703 jussisti)
1398 1621 1488 1684 Mab.

327 1731 357 1801 1,
376 1731 429 1788 os.

410 1829 506 1893 Corn.
522 1829 620 1894 SYS:
636 1828 787 1914 yortdeby
803 1837 832 1892 o
842 1851 885 1913 oy
896 1849 1012 1912 oynsys
1024 1830 1226 1910 (respondere
1237 1829 1384 1910 noluisti)
1397 1830 1487 1894 Pass.

328 1941 398 2010 144,
417 1940 447 1996 3.
472 1934 569 2018 Apud
585 1936 686 2016 Pryce
700 1934 852 2016 leguntur
865 1933 982 1996 formae
994 1931 1154 2017 propiores
1167 1932 1341 1996 cambi-icae
1350 1933 1487 2018 coelest,

325 2038 352 2101 o·
365 2059 386 2101 o
400 2037 512 2102 ueleist
526 2037 673 2118 (vidisti).

406 2143 532 2204 Armor.
551 2142 690 2205 SESDE
706 2145 763 2223 (=
777 2145 897 2224 cettei)
912 2141 947 2204 in
962 2141 1048 2205 Buh.
1062 2164 1069 2203 :
1084 2151 1181 2224 petro
1196 2163 1293 2206 nouae
1307 2165 1342 2206 so
1357 2142 1490 2206 boonte-

323 2255 372 2310 eot
385 2269 429 2310 oo
441 2247 583 2330 qeloesde
597 2255 671 2329 quot
685 2255 814 2329 eouetou
827 2268 956 2310 sermon
970 2269 1031 2309 noo
1039 2267 1155 2328 prezoo
1167 2246 1259 2329 (quid
1275 2245 1351 2308 novi
1361 2245 1488 2322 accidit,

324 2351 409 2432 quod
425 2372 492 2413 non
507 2351 640 2435 potuisti
655 2351 746 2414 nobis
762 2350 965 2414 sermocinari
979 2371 1038 2413 uec
1052 2349 1232 2434 praedicare
1240 2349 1267 2431 i)
1286 2357 1337 2426 74,
1357 2357 1387 2412 1.
1407 2355 1438 2412 2.
1456 2357 1487 2413 3.

323 2455 365 2517 In
393 2455 546 2518 hodierna
571 2455 683 2538 lingua
703 2455 865 2531 konzoud,
889 2455 1035 2536 kom'ood
1057 2453 1231 2536 (cecinisti3
1255 2453 1487 2531 baisonensi,

325 2558 466 2641 donent).

411 2672 441 2728 3.
459 2685 542 2747 pers.
575 2663 759 2727 Cambricae
781 2661 1020 2725 terminationes
1042 2674 1120 2726 srmt
1141 2663 1257 2740 variae,
1276 2663 1393 2747 partim
1416 2685 1490 2727 con-

324 2767 489 2834 cordantes
504 2790 578 2830 cum
593 2765 774 2843 hibernicis,
790 2789 818 2828 e.
832 2787 880 2849 gr.
896 2789 912 2829 s
925 2767 1089 2850 praeteriti
1100 2789 1174 2830 cunr
1185 2769 1346 2832 vocalibus
1357 2768 1492 2832 diversis

326 2897 388 2952 -oe,
406 2897 463 2950 -es,
482 2873 535 2950 -s's,
554 2895 616 2948 -ue,
636 2894 726 2956 noys,
745 2883 777 2934 et
799 2881 897 2954 tpost
916 2871 1070 2955 liquidas,
1095 2883 1132 2935 ut
1152 2872 1187 2934 in
1210 2873 1302 2936 tertia
1322 2873 1493 2936 verborum

235 2973 239 2982 ’
323 2977 559 3042 hibernioorum
585 2977 674 3040 serie.
718 2975 851 3059 Propria
876 2976 1050 3039 cambrione
1076 2975 1206 3060 linguae
1232 2988 1281 3039 est
1307 2977 1493 3042 terminatio

325 3085 426 3146 -awd

260 3178 263 3186 ’
409 3186 474 3248 As.
506 3185 691 3248 Vetustiora
712 3183 857 3266 exempla
884 3184 968 3246 inter
988 3184 1109 3266 glossas
1131 3185 1309 3248 Luxemb.:
1339 3185 1493 3251 rotonam

325 3292 383 3374 (gl.
400 3289 619 3373 guturicavit),
637 3281 813 3373 roqulioioe
829 3289 887 3370 (gl.
906 3287 1061 3370 olivavit).
1093 3289 1284 3354 Recentiora
1303 3291 1446 3354 eman:
1469 3315 1492 3378 y

321 3396 441 3478 ymetus
462 3415 523 3478 yno
545 3393 653 3477 Ιεγηαη
669 3393 763 3474 (vidit
777 3392 822 3455 ibi
837 3394 892 3474 (l.)
910 3400 940 3469 3,
959 3397 1033 3455 211.
1057 3391 1165 3475 opion
1180 3394 1276 3458 coelos
1290 3417 1311 3479 y
1324 3415 1407 3477 ocor.
1424 3419 1491 3482 yny

324 3499 419 3563 coelos
433 3521 454 3583 y
467 3518 546 3580 quer
559 3499 605 3578 (et
619 3518 703 3574 cum,
718 3500 818 3562 donec
833 3497 938 3578 vidit),
953 3519 991 3560 oo
1004 3520 1066 3582 yno
1080 3521 1101 3583 y
1114 3498 1233 3580 owelos
1247 3500 1294 3580 (et
1306 3509 1382 3562 tunc
1394 3499 1491 3585 vidit)

329 3612 356 3680 1,
376 3608 428 3664 22.
448 3609 499 3664 33.
520 3607 571 3664 36.
594 3601 681 3684 opha
701 3603 773 3682 ofut
788 3603 911 3687 boemo
925 3603 1043 3686 oyofoo
1058 3603 1099 3686 ef
1108 3604 1155 3683 (et
1169 3603 1313 3685 quamvis
1328 3606 1492 3686 quandam

323 3707 546 3771 difficultatem
558 3706 695 3790 habuit),
708 3728 773 3792 yny
785 3707 884 3791 oosos
896 3707 1010 3788 (donec
1025 3706 1135 3790 cepit),
1149 3730 1192 3792 ny
1204 3707 1319 3791 otcy‘as
1331 3711 1398 3794 dyo
1411 3713 1491 3790 (non

324 3811 436 3877 habuit
452 3811 633 3894 quisquam)
652 3819 680 3887 1,
700 3815 751 3872 28.
771 3817 823 3872 30.
843 3817 915 3890 236.

409 3918 461 3982 Es
484 3927 556 4000 post
577 3915 717 3978 vocalem
737 3915 850 3978 radicis
871 3938 889 3978 o
911 3915 946 3978 in
964 3915 1170 3999 sequentibus
1185 3915 1358 3999 exemplis:
1382 3917 1494 3982 Henel

324 4025 436 4088 orodes
457 4021 665 4106 yoodurdout
679 4021 781 4084 udum
795 4021 856 4100 (H.
875 4019 963 4084 dedit
977 4019 1022 4082 eis
1038 4019 1273 4102 auctoritatem)
1290 4021 1369 4104 Leg.
1387 4022 1489 4104 praef.

323 4126 466 4202 erudies,
476 4147 514 4188 oo
525 4127 616 4189 sodes
629 4133 729 4200 otton,
740 4147 809 4188 roes
821 4123 933 4206 (dedit,
944 4124 1032 4188 dedit
1043 4125 1086 4206 ei)
1098 4126 1177 4208 Leg.
1187 4126 1232 4208 sq.
1247 4145 1282 4187 er
1293 4125 1492 4210 oydeureytd

323 4231 487 4314 rediqonee
500 4231 603 4312 (actus
615 4229 751 4313 illegalis
764 4251 859 4312 quem
870 4229 1042 4311 commisit)
1055 4231 1134 4312 Leg.
1149 4234 1179 4292 2.
1194 4237 1244 4292 10.
1256 4236 1291 4305 53
1308 4237 1339 4293 3.
1353 4231 1492 4316 nyffoes

322 4357 362 4420 Ψ
384 4333 607 4419 omberowdyr
627 4335 742 4398 arthur
762 4335 880 4418 eiryoet
894 4332 974 4414 (ndu
988 4333 1073 4417 fugit
1087 4334 1257 4417 imperator
1271 4335 1312 4399 A.
1330 4339 1493 4420 unquam)

324 4441 410 4502 Mab.
430 4445 461 4514 2,
481 4445 552 4501 381.
577 4438 703 4502 hiraetl
722 4441 823 4522 yosyd
843 4439 950 4521 ornos
964 4459 1017 4502 om
1038 4437 1187 4503 oncino
1206 4439 1307 4522 yolles
1329 4441 1501 4526 nocemus
