3184 5078
452 439 480 502 Ι.
513 449 541 504 l.
588 461 980 511 urournaunruuamca
1259 448 1299 508 53

128 622 266 687 motator,
279 610 422 674 murator
438 609 581 693 (familia,
596 610 637 674 cf.
655 607 885 700 Κομοντόριος
900 615 1014 696 Paus.)
1030 615 1105 678 Wb.
1124 614 1167 698 fq.
1186 613 1299 678 unsar

127 719 188 802 (gl.
205 718 327 790 calcar3
356 717 544 793 Ceutrones,
569 739 644 800 pop.
664 718 808 802 alpinus,
826 720 934 797 Prin„
959 731 991 784 et
1006 722 1202 797 Ceutrones,
1220 743 1295 805 pop.

126 825 233 908 belg,
263 824 357 887 Caes.
389 822 452 904 leg.
476 822 685 904 Ceutroneol)
713 824 768 908 sg.
789 832 852 888 50¹.
885 829 1205 891 Commemorandum
1234 827 1287 890 hic

125 930 226 992 etiam
239 930 344 991 subet.
358 928 459 1004 siano,
473 949 546 991 rotro
560 950 578 990 e
592 929 649 992 lat.
664 951 774 994 mmm
790 941 1021 994 transsumtum
1037 931 1091 1013 (cf.
1106 955 1139 1016 p.
1157 935 1211 1015 32)
1224 955 1298 995 cum

124 1047 239 1098 contra
256 1056 273 1096 e
288 1034 345 1098 lat.
364 1055 486 1110 census,
504 1035 621 1097 maasia
636 1035 701 1098 sint
715 1036 799 1100 facta
814 1039 870 1113 oia,
888 1040 960 1100 mit.

216 1139 374 1209 Quamvis
394 1149 505 1202 tenues
520 1139 661 1222 aliasque
677 1139 778 1203 dictas
793 1163 947 1206 consonas
963 1142 1084 1225 liquida
1098 1165 1120 1206 a
1134 1163 1200 1206 non
1216 1155 1300 1207 amet

122 1245 275 1311 comitari
289 1256 322 1308 et
337 1245 533 1330 opprimatur
547 1245 587 1307 ab
605 1244 666 1321 his,
685 1244 835 1309 adhaeret
850 1257 958 1310 tamen
972 1247 1090 1330 ubique
1105 1247 1217 1310 mediis
1230 1271 1252 1332 p
1267 1259 1299 1311 ct

124 1355 164 1430 d,
194 1354 337 1435 adeoque
357 1350 517 1435 praevalet
537 1350 572 1412 in
593 1349 826 1414 combinatione
847 1353 911 1415 Nl)
934 1351 1105 1415 inficiendo
1126 1363 1158 1415 et
1178 1353 1298 1416 assimi-

124 1460 227 1522 lando
238 1456 389 1532 mediam,
400 1467 438 1518 ut
448 1456 486 1518 fit
498 1455 773 1520 incombinationc
781 1457 858 1519 ΜΒ.
879 1455 1095 1521 Immutabilis
1103 1469 1211 1521 manet
1218 1459 1296 1522 NG.

218 1569 249 1624 2.
276 1562 365 1626 Perit
380 1585 402 1625 a
417 1561 532 1623 finiens
546 1561 785 1644 particularum,
800 1563 1025 1645 pronominum
1040 1574 1072 1626 et
1086 1563 1298 1626 numeralium

123 1670 334 1755 quorundam
348 1666 383 1728 in
398 1665 508 1729 eadem
523 1665 697 1749 positione,
723 1679 798 1730 ante
814 1678 926 1731 tenues
941 1667 1079 1744 sedicet,
1097 1691 1112 1731 a
1128 1679 1159 1731 et
1172 1669 1205 1754 s
1220 1669 1298 1731 inci-

121 1778 255 1862 pientes
277 1782 446 1856 sequentes
466 1793 568 1834 voces.
593 1773 697 1844 ‚Quae
716 1774 827 1836 eadam
849 1773 971 1857 liquida
992 1785 1133 1838 servatur
1156 1787 1230 1838 ante
1252 1797 1299 1838 se-

122 1893 266 1966 quentes
283 1878 406 1942 vocales
422 1887 454 1940 et
467 1877 598 1953 medias,
612 1878 650 1940 fit
665 1899 696 1940 m
711 1888 785 1940 anta
801 1879 831 1955 b,
845 1889 878 1941 ct
892 1879 1084 1943 assimilatur
1100 1890 1174 1942 ante
1189 1901 1299 1944 omnes

124 1987 269 2071 liquidas
284 1985 491 2069 plerumque,
509 2005 574 2046 non
590 1994 697 2046 tamen
712 2005 845 2068 semper.
879 1984 963 2048 Sunt
977 1985 1167 2068 particulae,
1185 2007 1298 2069 prono-

123 2094 220 2156 mina
234 2101 268 2154 et
283 2088 460 2152 numeralia
474 2089 655 2172 sequentia:

218 2201 254 2280 a)
276 2195 440 2260 Articulus
455 2195 579 2277 generis
594 2195 739 2258 neutrius
752 2217 840 2258 nom.
860 2217 924 2259 acc.
942 2193 1026 2278 sing.
1044 2196 1123 2273 AN,
1150 2207 1182 2260 ct
1196 2196 1296 2280 genit.

125 2306 216 2390 plur.
241 2323 315 2385 gen.
341 2323 501 2364 commun.
527 2301 675 2364 INNAN
698 2301 748 2364 vel
769 2302 877 2364 NAN.
910 2301 1042 2364 Formae
1064 2313 1205 2366 servatae
1226 2313 1301 2366 ante

126 2409 257 2474 vocales
272 2417 305 2469 et
319 2407 456 2470 medias:
473 2405 635 2469 animatur
655 2405 897 2490 (circumcisio),
915 2405 1069 2490 andlipcd
1081 2408 1178 2490 (lex),
1198 2411 1302 2492 arapna'

127 2516 263 2600 (forma)
272 2537 281 2587 ;
305 2512 406 2575 innan
421 2511 519 2575 atride
534 2511 742 2594 (auditorum)
750 2559 760 2587 ,
779 2512 878 2575 innon
894 2513 993 2588 dane,
1011 2535 1075 2576 aaa
1092 2515 1173 2576 ddnc
1189 2515 1300 2596 (douo-

128 2623 232 2702 rum).
265 2619 305 2680 N
315 2639 449 2680 cucuma
463 2617 514 2679 vel
528 2616 702 2680 assimilata
717 2627 790 2679 ante
804 2639 832 2693 a,
848 2617 884 2701 s,
903 2617 932 2692 t,
952 2629 1063 2680 tenues
1078 2618 1129 2680 vel
1143 2617 1297 2700 liquidas:

128 2727 200 2790 atr'r
215 2723 350 2806 (regio),
367 2722 536 2785 acctdardc
551 2723 733 2804 (quatuor),
751 2721 926 2806 ctfladm'sse
942 2722 1200 2804 (testimonium),
1218 2723 1306 2784 aactl

129 2829 311 2914 (uiantius),
329 2849 372 2890 na
380 2848 502 2909 perron
518 2829 769 2910 (personarum),
794 2825 872 2888 inno
888 2827 934 2890 tol
946 2827 1205 2909 (cupiditatum),
1224 2827 1302 2890 iana

130 2959 237 3000 aaran
253 2935 447 3014 (arborum),
464 2932 543 2994 iano
554 2931 716 3016 foroetal,
733 2953 776 2993 aa
787 2931 935 3015 foroetol
948 2931 1234 3014 (institutionum),
1259 2955 1302 2995 aa

130 3041 279 3107 sacardd
303 3039 547 3121 (sacerdotum),
574 3035 757 3100 ianamball
780 3037 1038 3120 (membrorum),
1068 3036 1152 3100 allae
1174 3017 1300 3124 (dics).

134 3145 307 3229 Excipitur
320 3145 360 3206 ab
374 3141 425 3205 his
440 3142 541 3204 forma
554 3140 680 3205 articuli
695 3143 746 3205 IN
762 3142 796 3204 in
812 3163 898 3205 nom.
916 3163 1013 3204 masc.
1031 3152 1064 3204 et
1082 3163 1186 3205 accus.
1204 3165 1301 3206 masc.

133 3265 168 3316 ct
190 3252 286 3326 sem,
310 3248 401 3311 cuius
416 3269 456 3323 n,
484 3269 565 3330 quac
589 3258 637 3310 est
657 3246 759 3330 magis
780 3245 939 3310 intensiva
957 3255 989 3309 et
1004 3249 1217 3312 condensatur
1230 3259 1305 3312 ante

134 3356 261 3421 vocales
282 3354 317 3417 in
331 3353 394 3416 NT
408 3351 443 3416 in
464 3374 551 3414 nom.
567 3373 679 3428 masc,
697 3351 732 3415 in
746 3353 814 3416 NN
828 3352 863 3416 in
878 3373 983 3415 accus
1000 3374 1097 3415 masc.
1115 3354 1211 3431 fem,
1229 3376 1305 3417 mrs-

134 3484 235 3547 quam
256 3459 340 3544 perit
359 3469 435 3522 ante
457 3457 556 3522 dictas
578 3479 749 3534 consonas,
773 3478 832 3520 nec
854 3459 980 3521 easdem
1001 3459 1121 3535 inficit,
1144 3471 1182 3522 ut
1196 3460 1306 3522 eadem

134 3565 265 3634 articuli
279 3565 380 3628 forma
394 3563 429 3627 in
443 3563 514 3627 aliis
530 3563 667 3626 casibus.
699 3563 805 3626 Citata
819 3561 871 3626 vel
885 3562 982 3626 etiam
996 3563 1059 3627 alia
1074 3565 1219 3648 exempla
1233 3563 1307 3626 arti-

134 3673 199 3738 culi
216 3672 253 3734 in
268 3670 332 3734 illis
348 3669 456 3732 formis
471 3669 555 3732 iufra
569 3669 629 3731 sub
643 3667 787 3731 articulo.

223 3777 257 3858 h)
278 3773 473 3838 Pronomina
492 3773 667 3856 possessiva
689 3773 786 3837 trium
807 3793 1015 3856 personarum
1036 3775 1162 3840 numeri
1176 3773 1308 3858 pluralis

135 3885 250 3960 ARN,
276 3881 402 3944 BARN
429 3880 600 3962 (FARN),
628 3879 692 3942 AN
700 3903 709 3954 3
738 3879 816 3943 item
840 3900 1016 3962 pronomen
1043 3881 1211 3944 relativum
1231 3880 1306 3943 AN.

134 3993 223 4054 Ante
238 3986 365 4050 vocales
381 3995 413 4049 et
426 3984 562 4048 medias:
580 3991 772 4067 orneturque
784 3983 936 4066 (cognitio
952 3989 1086 4068 nostra),
1096 3983 1311 4070 foratraipdc

136 4094 252 4178 (oratio
268 4093 400 4173 vestra),
410 4090 624 4176 soradcrpud
637 4091 786 4172 (stratum
799 4094 967 4172 vestrum),
986 4113 1029 4154 on
1044 4089 1236 4160 etorscarod
1249 4089 1263 4167 (
1299 4123 1310 4138 ·

131 4200 260 4283 junctio
276 4199 423 4278 eorum),
448 4194 638 4258 anatim-sa
654 4195 752 4278 (quod
767 4195 869 4276 dico),
888 4195 1066 4258 aadudcato
1082 4194 1181 4276 (quod
1196 4193 1309 4273 deest).

136 4309 267 4381 Antea,
284 4303 329 4388 f,
349 4311 481 4376 tenues,
498 4300 653 4383 liquidas:
679 4322 718 4362 or
729 4299 929 4384 firiaauqud
941 4298 1080 4380 (justitia
1094 4299 1234 4380 nostra),
1261 4318 1313 4359 or-

138 4409 246 4475 coacni
260 4405 440 4492 (institutio
455 4407 588 4488 nostra),
601 4405 763 4490 forfoiltc
779 4403 946 4487 (gaudium
961 4406 1126 4486 vestrum),
1145 4402 1315 4486 carpenta

140 4521 288 4601 (peccata
309 4513 449 4594 vestra),
465 4510 655 4596 saraima‘a
671 4509 793 4594 (opinio
808 4511 944 4590 vestra),
962 4509 1202 4592 orrapredodod
1216 4509 1314 4592 (quod
