3204 5084
289 381 309 440 2
790 383 819 445 Ι.
866 403 953 447 soru.

288 551 385 615 etiem
407 550 552 615 codicum
572 562 755 614 nostrorum
769 550 868 614 seculi
882 550 961 614 noni
976 549 1191 634 scriptoribus.
1202 551 1219 586 ⁴⁸
1247 553 1345 636 Apud
1360 555 1454 618 Cam-

288 659 360 720 bros
387 679 512 740 quoque
539 657 804 721 circumferuntur
823 665 967 720 vetustae
989 655 1153 720 literarum
1176 657 1311 736 formae,
1335 660 1454 722 similes

290 865 496 874 ---...-—.

356 997 369 1024 *
387 993 429 1049 Cf.
442 993 554 1066 praelat.
568 995 602 1050 de
620 995 680 1050 cod.
695 991 872 1065 sangallensi.
897 992 1026 1050 Inventor
1045 991 1192 1066 scripturae
1209 991 1238 1050 in
1257 993 1348 1052 codice
1360 1005 1452 1053 vetere

289 1080 427 1133 hibernico
446 1079 638 1150 (O’Donovan,
659 1080 806 1134 Grammat.
827 1080 914 1150 lingu.
932 1080 1038 1133 hibern.
1057 1081 1209 1140 Introduct.
1230 1083 1371 1148 XXVIII,
1391 1091 1451 1137 not.

289 1165 313 1234 e)
334 1164 432 1217 dicitur
447 1163 548 1233 qua,
562 1164 690 1218 Elathani
708 1165 787 1218 filius.
821 1164 958 1234 Scriptura
977 1164 1082 1234 ogmico
1101 1166 1200 1219 codicis
1217 1167 1264 1235 ὃς.
1285 1173 1326 1220 est
1345 1168 1452 1237 generis

289 1249 404 1302 maxime
422 1248 571 1302 communis
592 1249 664 1318 ejus,
684 1249 758 1319 quod
775 1249 898 1320 depingit
915 1249 1021 1302 O’Don.
1038 1247 1153 1318 (introd.
1168 1249 1283 1320 XLVII)
1297 1257 1324 1304 et
1335 1251 1452 1320 appelle-

288 1339 346 1386 tum
359 1333 425 1385 dicit
440 1333 544 1401 croam
556 1334 653 1386 ονοοθλ
667 1333 867 1404 (“virgulsre’'‚
888 1334 911 1386 si
923 1333 1025 1386 scilicet
1040 1333 1175 1402 jacentem
1192 1353 1208 1386 a
1220 1334 1329 1386 sinistra
1339 1335 1375 1387 ad
1387 1335 1452 1388 dex-

287 1423 357 1470 tram
375 1417 600 1471 combinationem
619 1435 726 1472 omnem
746 1419 775 1472 in
793 1418 878 1472 altum
898 1417 1028 1482 erexerim
1050 1417 1155 1482 crooblo,
1170 1418 1271 1488 arbor).
1297 1419 1348 1471 Est
1359 1426 1451 1472 autem
1521 1465 1537 1488 ,

287 1501 378 1572 potius
390 1499 490 1554 lineare
509 1503 559 1554 hoe
578 1519 679 1571 genus,
699 1520 760 1556 cum
773 1501 809 1555 ad
820 1501 919 1555 lineam
935 1509 1007 1557 recte
1019 1491 1127 1580 ductam
1140 1508 1234 1572 utpote
1246 1501 1450 1556 fundamentum

289 1585 323 1638 ab
336 1593 449 1654 duaque
461 1593 545 1655 porte,
560 1585 631 1638 infra
643 1593 670 1638 et
681 1604 776 1657 supra,
791 1586 905 1639 lineolae
918 1587 998 1650 item,
1012 1586 1041 1639 in
1053 1585 1127 1638 uario
1139 1603 1251 1638 numero
1264 1593 1292 1639 et
1303 1587 1451 1641 directione

288 1669 362 1722 varia
373 1669 464 1722 literas
476 1671 563 1724 varias
576 1670 756 1740 designantes,
771 1671 948 1734 sdhoeresnt‚
963 1687 1029 1740 quas
1041 1669 1171 1724 linearum
1190 1670 1326 1724 catenulas
1339 1671 1383 1724 dei
1396 1673 1452 1742 Og-

287 1753 336 1805 mii
348 1753 478 1806 catenulis
490 1753 580 1806 forsan
592 1753 689 1823 aliquis
700 1754 902 1824 comparaverit.
928 1755 972 1807 De
984 1754 1035 1806 deo
1044 1753 1141 1823 Ogmio
1153 1753 1231 1824 plura
1242 1753 1370 1824 leguntur
1378 1756 1450 1826 apud

287 1837 436 1890 Lucianum
453 1838 505 1908 (ed.
519 1838 604 1891 Dind.
615 1857 642 1908 p.
652 1842 712 1892 598.
720 1839 804 1908 599.),
815 1839 862 1907 qui
874 1855 935 1892 cum
947 1838 1014 1892 dicit
1025 1837 1053 1891 in
1066 1837 1152 1907 ligure
1164 1839 1290 1891 Herculis
1303 1840 1448 1910 depictum,

287 1929 406 1976 attamen
425 1939 547 1976 sermone
564 1929 671 1976 tantum
683 1929 710 1976 et
728 1921 900 1993 persuasione
918 1921 1030 1985 fortem,
1052 1938 1157 1985 sanem,
1175 1921 1328 1976 nabentem
1343 1924 1450 1976 turbam

288 2007 418 2060 catenulis
436 2006 524 2060 eureis
542 2013 569 2058 et
586 2006 717 2061 succincis
736 2024 751 2060 e
768 2007 861 2076 lingua
873 2023 921 2059 sua
934 2005 1021 2058 ductis
1033 2005 1069 2058 ad
1079 2022 1157 2058 aures
1169 2006 1322 2060 auditorum
1334 2008 1450 2062 libenter

287 2091 466 2161 sequentium.
492 2093 536 2144 En
548 2091 662 2144 Luciani
681 2092 763 2145 verba
775 2091 898 2160 graviora
909 2090 981 2160 ipsae
1008 2087 1064 2144 Τὸν
1072 2089 1207 2160 Ἡρακλέα
1226 2092 1253 2142 οἱ
1263 2095 1364 2145 Κελτοὶ
1378 2087 1411 2148 ’Ὁ
1417 2112 1450 2162 γ-

283 2193 368 2246 μιον
385 2171 550 2244 όνομόζουσι
569 2179 648 2249 φωνῇ
666 2179 699 2248 τῆ
717 2177 866 2248 ἐπιχωρίῳ,
886 2171 916 2228 τὸ
936 2175 967 2228 δὲ
986 2174 1059 2234 ελδος
1075 2179 1124 2227 τοῦ
1135 2179 1203 2228 θεοῦ
1216 2171 1291 2230 πάνυ
1304 2173 1450 2232 ἀλλόκοτον

284 2257 434 2329 γράφουσι.
453 2263 543 2332 γέρων
554 2261 631 2313 ἐστλν
643 2257 737 2320 αὐτοῖς
748 2261 775 2320 ἐς
788 2257 818 2312 τό
830 2261 956 2329 ἔσχατον.
968 2297 974 2311 .
985 2299 991 2311 .
1004 2261 1052 2312 καλ
1061 2255 1155 2312 πάντα
1166 2262 1279 2331 μᾶλλον,
1290 2256 1450 2337 ἣἩρακλέα

284 2344 357 2398 εἶναι
369 2339 404 2398 ἂν
417 2341 562 2406 εέκόσειας.
581 2341 649 2400 ἀλλὰ
661 2347 708 2398 καλ
721 2349 842 2406 τοιοῦτος
851 2337 889 2397 ὢν
899 2345 955 2414 ἔχει
966 2339 1042 2416 ὅμως
1051 2341 1100 2410 τῆν
1110 2341 1210 2410 σκευὴν
1219 2349 1267 2398 τοῦ
1276 2343 1449 2417 Ἡρακλέους.

284 2426 401 2501 καὶγὰρ
422 2425 471 2494 τῆν
489 2431 629 2504 διφθέραν
645 2431 763 2496 ἐνῆπται
781 2427 831 2496 τῆν
849 2433 896 2484 τοῦ
916 2433 1036 2492 λέοντος,
1055 2432 1102 2481 καλ
1122 2429 1152 2482 τὸ
1172 2427 1295 2502 ῥόπαλον
1307 2431 1363 2500 ἔχει
1375 2432 1406 2485 ἐν
1417 2437 1450 2506 τῇ

285 2513 371 2581 δεξιᾷ,
380 2517 427 2566 καὶ
440 2511 488 2569 τὸν
498 2514 625 2588 γωρυτὸν
637 2511 820 2587 παρήρτηται,
829 2517 876 2566 καλ
889 2512 919 2567 τὸ
932 2509 1012 2576 τόξον
1023 2515 1204 2584 ἐντεταμένον
1215 2511 1231 2580 ῆ
1241 2511 1373 2587 ἀριστερὰ
1383 2535 1449 2587 προ-

287 2600 420 2652 δείκνυσι.
439 2603 486 2652 καλ
503 2593 564 2660 όλος
578 2597 715 2669 Ἡρακλῆς
726 2599 785 2653 ἐστι
793 2637 888 2653 .....
903 2593 983 2668 δ’γδιρ
996 2595 1030 2664 δῆ
1043 2603 1132 2671 γέρων
1140 2596 1275 2670 Ἡρακλῆς
1290 2597 1392 2659 ἐκεῖνος
1404 2598 1450 2654 ἆν-

284 2681 410 2754 θρώπων
428 2681 564 2756 πάμπολύ
583 2705 610 2738 τι
630 2688 738 2752 πλῆθος
755 2684 839 2748 ἕλκει,
859 2684 894 2757 ἐκ
917 2688 985 2737 τῶν
1009 2678 1109 2736 ὤτων
1130 2677 1259 2742 ἅπαντας
1276 2683 1448 2754 δεδεμένους.

284 2766 375 2842 δεσμὰ
388 2769 535 2824 δέεέσίνολ
548 2773 671 2841 σειραὶ
689 2773 822 2824 λεπταὶ
836 2771 977 2840 χρυσοῦ
993 2771 1052 2820 καλ
1068 2764 1242 2840 ἠλέκτρου
1259 2769 1448 2838 εἰργασμέναι,

283 2848 380 2924 ὅρμοις
392 2855 506 2908 ἐοικυῖαι
520 2859 577 2914 τοῖς
587 2857 744 2915 καλλίστοις
823 2854 939 2926 ηαιδρολ
952 2852 1068 2906 ἕπονται
1078 2855 1126 2906 καλ
1136 2849 1287 2922 γεγηθότες
1300 2889 1353 2915 ...,
1366 2851 1450 2908 ἐοικό-

207 2961 209 2968 ·
284 2957 328 2998 τες
340 2936 605 3010 ιἰχθεσθησόμενοις,
615 2941 640 2991 εἰ
651 2935 866 3006 λυθήσονται...
877 2975 883 2989 .
897 2933 929 2990 οὐ
940 2934 993 3006 γὰρ
1007 2939 1078 3006 ἔχων
1089 2933 1103 2989 ό
1117 2931 1260 3010 ζωγράφος
1272 2929 1339 2989 ὅθεν
1350 2933 1449 3004 ἐξάψει

284 3023 332 3084 τὰς
350 3029 406 3078 τῶν
425 3025 538 3096 δεσμῶν
557 3020 657 3092 ἀρχὰς,
676 3017 724 3075 ἅτε
745 3026 791 3088 τῆς
810 3023 901 3083 δεξιᾶς
917 3022 970 3093 μὲν
988 3017 1040 3088 ῆδη
1061 3017 1090 3074 τό
1110 3019 1242 3094 ῥόπαλον,
1263 3025 1311 3086 τῆς
1325 3025 1406 3082 λαιᾶς
1418 3023 1448 3074 δέ

284 3109 314 3164 τὸ
334 3108 412 3173 τόξον
430 3105 557 3179 ἐχούσης,
571 3105 716 3180 τρυπήσας
734 3111 782 3159 τοῦ
799 3110 867 3160 θεοῦ
885 3101 947 3172 τῆν
968 3109 1132 3174 γλῶτταν
1155 3099 1281 3177 ἄκραν,
1306 3106 1336 3167 ἐξ
1357 3107 1448 3160 ἐκεί-

282 3213 344 3262 νης
367 3196 585 3264 ἑλκομένους
602 3188 701 3250 αὐτοὺς
717 3192 847 3258 ἐποίησε,
865 3192 912 3244 καὶ
924 3190 1117 3261 ἐπέστραπται
1129 3191 1159 3244 δὲ
1172 3193 1211 3250 ελς
1223 3187 1286 3250 τοὺς
1297 3188 1449 3262 ἀγομένους

281 3280 400 3350 μειδιῶν
401 3315 496 3332 .....
509 3273 614 3336 Κελτός
626 3275 661 3328 δέ
670 3295 712 3336 τις
723 3271 876 3344 παρεστώς,
887 3312 911 3327 ..
925 3271 1079 3344 φιλόσοφος
1090 3274 1169 3346 οἶμαι
1182 3271 1215 3328 τότ
1233 3273 1379 3350 ἐπιχώρια,
1393 3273 1448 3346 ἐγώ

283 3380 335 3426 σοι,
355 3364 416 3432 ἔφη,
437 3353 458 3412 ol
471 3365 543 3423 ξένε,
558 3357 633 3413 λύσω
647 3364 694 3425 τῆς
705 3363 815 3434 γραφῆς
827 3355 857 3410 τὸ
870 3363 995 3432 αἴνιγμα.
1010 3397 1017 3411 .
1032 3397 1060 3412 ..
1081 3357 1142 3413 τὸν
1163 3356 1268 3428 λόγον
1292 3358 1395 3432 ἡμεῖς
1416 3363 1447 3412 ολ

281 3449 411 3501 Κελτοὶ
435 3442 486 3514 οὐχ
509 3439 622 3517 ώςπερ
645 3441 745 3516 ὑμεῖς
766 3443 799 3495 ολ
822 3436 981 3510 Ἕλληνες
1003 3441 1130 3516 Ἑρμῆν
1154 3441 1309 3514 οἰόμεθα
1340 3443 1445 3512 εἶναι,

282 3529 352 3584 ἀλλ’
369 3528 539 3600 Ἡρακλεῖ
555 3526 663 3582 αὐτὸν
681 3524 884 3600 είκόζομεν,
903 3523 947 3583 ὅτι
960 3527 1037 3598 παρὰ
1048 3527 1118 3581 πολὺ
1131 3525 1290 3600 τοῡἙρμοῦ
1307 3527 1448 3602 ἰσχυρό-

283 3633 386 3685 τερος
400 3601 509 3674 οὗτος.
535 3617 562 3667 εί
576 3615 608 3668 δέ
618 3617 707 3686 γέρων
726 3618 892 3680 πεποίηται,
910 3611 1125 3686 μῆθαυμόσης·
1144 3611 1255 3685 μόνος
1270 3609 1336 3684 γὰρ
1359 3611 1373 3666 ό
1397 3613 1448 3668 λό-

281 3719 343 3770 γος
360 3700 394 3754 ἐν
410 3695 453 3768 γῆ
459 3717 500 3768 ρο
518 3701 596 3768 porr
606 3698 698 3765 ἐντελῆ
709 3698 922 3752 ἐπιδείκνυσθαι
935 3697 984 3763 τῆν
993 3695 1091 3770 ἀκμὴν.
1100 3735 1107 3752 .
1117 3693 1214 3758 ..cirre
1227 3700 1252 3756 ελ
1265 3701 1331 3750 τῶν
1348 3691 1448 3753 ὤτων

281 3785 542 3856 ἐκδεδεμένους
558 3780 641 3843 τοὺς
657 3779 877 3854 ἀνθρώπους
895 3780 982 3854 πρὸς
1000 3781 1061 3848 τὴν
1083 3786 1244 3852 γλῶτταν
1260 3779 1274 3834 ὁ
1292 3785 1381 3850 γέρων
1399 3767 1447 3834 οὗ·

282 3889 328 3930 τος
348 3866 521 3938 Ἡρακλῆς
545 3865 559 3921 ό
583 3863 687 3936 λόγος
710 3865 793 3929 ἕλκει,
817 3867 889 3938 μηδὲ
907 3871 986 3920 τοῦτο
1010 3864 1172 3939 θαυμάσῃς,
1194 3863 1275 3926 εέδόις
1299 3863 1348 3932 τῆν
1367 3861 1447 3919 ώτιυν

280 3955 329 4008 καλ
349 3949 473 4022 γλώττης
500 3955 663 4022 συγγένειαν
665 3989 758 4005 .....
772 3949 802 4005 τὸ
821 3951 852 4006 δὲ
874 3955 938 4006 ολον
961 3955 1008 4005 καλ
1031 3949 1116 4006 αὐτόν
1138 3949 1217 4024 ἡμεῖς
1242 3947 1289 4004 τὸν
1310 3947 1447 4024 Ἡρακλέα

281 4037 373 4109 λόγῳ
397 4036 431 4091 τὰ
456 4035 575 4092 πάντα
603 4035 790 4109 ἡγούμεθα
818 4033 1090 4108 ἐξεργάσασθαι
1115 4033 1227 4105 σοφὸν
1249 4032 1449 4107 γενόμενον

280 4127 338 4178 καλ
357 4130 486 4193 πειθοῖ
508 4121 548 4176 τδι
573 4127 727 4176 πλεῖστα
750 4118 963 4190 βιάσασθαι.
980 4125 1027 4174 καλ
1045 4120 1079 4176 τά
1091 4139 1122 4191 γε
1141 4125 1203 4189 βέλη
1222 4116 1308 4174 αὐτοῦ
1326 4121 1353 4171 ολ
1369 4117 1447 4189 λόγοι

282 4211 354 4262 εέσλν
372 4209 451 4280 οέμαι
469 4205 539 4270 όξεΐς
555 4211 603 4262 καὶ
620 4201 747 4276 εὔστοχοι
758 4209 805 4258 καλ
818 4209 910 4274 ταχεῖς
921 4207 967 4257 καλ
980 4202 1030 4265 τὰς
1041 4203 1134 4274 ψυχὰς
1147 4202 1352 4276 τιτρώσκοντες.
1377 4222 1447 4258 πτε-

282 4290 381 4361 ρόεντα
393 4296 460 4362 γοῦν
474 4291 507 4344 τὰ
520 4287 573 4358 ἔπη
585 4295 632 4344 καλ
646 4287 724 4362 ὑμεῖς
733 4307 805 4360 pare
818 4288 898 4342 τλναι.
913 4291 1034 4346 τοσαῦτα
1043 4291 1096 4362 μέν
1106 4288 1120 4342 ὁ
1129 4284 1242 4348 Κελτός.
1256 4287 1370 4357 Ogmius
1379 4287 1446 4342 deus
1523 4303 1531 4314 ·

281 4393 345 4446 ergo
364 4375 497 4430 sermonis
509 4375 618 4448 (Ἑρμῆς
628 4401 663 4420 ==
675 4373 772 4444 senno)
786 4371 866 4426 simul
885 4381 913 4428 et
924 4375 1070 4446 sapientiae
1085 4371 1184 4445 (σοφὸς
1195 4368 1370 4443 γενόμενος),
1391 4389 1446 4442 quo

281 4467 395 4531 unoque
414 4461 445 4514 fit
461 4462 546 4514 victor
563 4461 700 4525 omnium,
721 4465 753 4514 ut
764 4457 906 4512 Hercules.
931 4459 957 4512 Α
968 4473 1034 4513 soce
1044 4459 1150 4514 hibern.
1164 4459 1268 4527 οςλοια,
1289 4457 1395 4526 οςλιιαι,
1417 4457 1446 4510 in
