3204 5084
230 364 233 374 ¹
268 387 345 448 VIII
754 401 952 449 resnssrro.

270 554 311 626 in
327 552 564 648 inscriptione
582 551 733 626 obvium
752 553 825 650 (ap.
842 554 952 629 Gmt.
971 557 1058 640 902,
1082 557 1118 654 5)
1138 559 1179 630 in
1195 560 1325 633 eadem
1342 583 1437 656 pene

253 715 254 724 κ
270 669 390 743 forme
402 678 458 743 est
474 694 610 744 nomen
623 671 694 745 viri
711 672 961 745 britannicum
974 674 1290 769 ⁴vulgatissimum,
1318 679 1359 751 in
1375 703 1437 752 ve-

271 789 424 862 tustiore
445 789 640 873 Carataco,
668 789 710 863 in
731 791 933 862 recentiore
950 791 1119 874 Oaradoc,
1149 794 1323 892 Gorodop,
1349 797 1437 868 dum

270 907 419 980 nonnisi
435 906 550 979 semel
565 906 659 979 mibi
675 907 834 980 occurrit
849 907 1080 980 hibernicum
1095 911 1269 985 Oartboci
1290 913 1339 1008 (p.
1358 911 1433 1008 83).

277 1072 280 1078 ·
374 1026 481 1096 Duae
499 1032 587 1096 sunt
602 1024 728 1117 itaque
746 1025 940 1098 varietates
958 1027 1109 1136 ceiticae
1125 1027 1276 1124 linguae
1298 1028 1438 1124 praeci-

272 1166 380 1238 puae.
401 1142 468 1214 Est
481 1142 1436 1240 unahibernicaexquapropagataesuntlinguae

272 1262 394 1334 mihuc
412 1268 597 1332 exstantes
613 1259 726 1355 hujus
743 1260 904 1356 generis,
933 1261 974 1333 in
988 1261 1173 1334 Hibernia
1188 1263 1269 1358 ipsa
1286 1264 1438 1338 hiber-

272 1379 375 1451 nica
391 1377 627 1462 hodierna,
659 1385 698 1450 et
719 1376 761 1450 in
777 1377 972 1450 Britannia
988 1378 1028 1450 in
1045 1380 1248 1465 montibus,
1272 1405 1364 1474 quos
1381 1381 1438 1452 di-

273 1504 363 1570 cunt
391 1494 565 1578 scoticos,
601 1493 778 1592 gaelica
806 1495 843 1592 (i.
874 1519 907 1567 e.
937 1495 1179 1591 gaedelica,*
1209 1507 1253 1573 ut
1277 1499 1438 1572 Hiberni

273 1701 481 1712 ψ-

342 1831 356 1860 ·
372 1831 437 1886 Tres
448 1828 498 1884 filii
510 1829 628 1886 Usnacbi
646 1830 675 1886 in
686 1837 795 1886 vetusta
805 1833 945 1888 hibernica
955 1833 1109 1888 narratione
1121 1832 1156 1888 de
1167 1849 1260 1888 eorum
1273 1835 1384 1890 intentu
1397 1833 1438 1888 rii·

273 1923 372 1971 cuntur
391 1918 430 1969 as
447 1915 550 1970 coinnle
565 1915 677 1986 pauperi
686 1933 741 1968 non
757 1917 857 1986 pascal
873 1917 937 1989 (tria
952 1918 1057 1972 lumina
1074 1918 1172 1992 veleris
1182 1918 1373 1990 Gaedalorum)
1393 1917 1437 1972 ed.

273 1999 387 2056 O'Flan.
400 2015 428 2069 p.
443 2001 486 2052 20.
500 2003 543 2054 78.
574 2000 608 2054 In
627 2015 659 2053 ea
676 2001 829 2055 narratione
846 2001 956 2073 scriptio
973 2019 1004 2055 us
1017 2001 1123 2056 obtinet
1133 2019 1189 2057 non
1201 2003 1289 2058 solum
1301 2019 1350 2074 pro
1362 2009 1439 2056 votu-

273 2086 356 2140 stiore
368 2083 404 2149 ai,
419 2101 443 2138 e.
457 2101 499 2155 gr.
512 2083 541 2137 in
553 2101 598 2138 aec
612 2083 705 2154 (aetas,
718 2091 773 2140 rat.
782 2085 831 2152 ἀῶ,
846 2088 899 2152 ἀει,
913 2086 1050 2140 interdum
1062 2087 1126 2158 des),
1140 2087 1188 2142 sed
1200 2086 1281 2142 etiam
1293 2105 1342 2159 pro
1354 2087 1389 2153 oi,
1412 2103 1437 2140 e.

272 2187 315 2240 gr.
329 2169 358 2223 in
369 2185 420 2221 cerr
434 2167 524 2237 (unus,
544 2175 598 2223 vet.
612 2170 669 2234 oen,
683 2169 736 2236 oia,
750 2187 889 2241 nunquam
902 2171 972 2242 sen),
993 2171 1033 2224 ita
1050 2177 1083 2224 ut
1098 2171 1191 2242 colligi
1210 2173 1297 2243 possit
1308 2171 1440 2227 vetustior

273 2255 361 2309 iorrna
378 2252 497 2306 nominis
515 2258 564 2306 aut
581 2251 677 2322 prisiiol
694 2263 742 2308 aut
757 2253 859 2325 poidcl.
895 2254 1016 2326 Utraque
1034 2255 1145 2326 scriptio
1162 2255 1279 2310 alternet
1294 2256 1323 2310 in
1336 2253 1438 2309 Annsl.

272 2337 379 2394 InisIal.
393 2354 437 2409 ap.
452 2337 555 2392 O'Gon.
570 2340 595 2402 2,
611 2341 653 2392 ὅθ.
668 2341 698 2390 51
710 2358 717 2393 s
727 2341 773 2410 fir
784 2337 884 2392 ward
894 2343 949 2392 ater
965 2339 1044 2410 pullu
1056 2341 1070 2392 'i
1082 2339 1202 2409 paedelu,
1215 2343 1262 2410 fir
1272 2340 1373 2394 moad
1383 2345 1440 2394 oter

271 2422 351 2493 pullu
369 2425 384 2474 t
400 2419 511 2491 poedslu
536 2420 598 2490 (viri
615 2421 765 2476 Hiberniae
777 2427 832 2477 tam
846 2423 1013 2494 alienigenae
1027 2440 1109 2495 quam
1127 2423 1262 2496 Gaedeli),
1288 2431 1316 2479 et
1335 2441 1364 2496 p.
1384 2427 1438 2478 752

273 2507 413 2560 Marchud
428 2504 456 2557 ri
463 2503 524 2574 pall
536 2509 550 2557 't
561 2506 656 2576 poodei
671 2505 700 2559 in
711 2505 854 2559 Athelsbti
867 2506 918 2576 (M.
931 2524 980 2562 rex
991 2509 1204 2579 alienIganarum
1217 2517 1245 2563 at
1256 2507 1439 2564 Gaedelorum

273 2589 422 2662 Dublinii).
440 2587 511 2642 item
519 2589 577 2658 jam
589 2589 618 2643 in
630 2589 824 2644 vetustioribus
836 2590 983 2659 codicibus,
997 2591 1027 2646 in
1039 2593 1128 2647 Gloss.
1138 2593 1228 2646 Germ.
1243 2599 1271 2646 et
1282 2591 1366 2647 Lesb.
1374 2591 1438 2646 Bne

272 2677 306 2730 do
315 2675 437 2745 pradela,
451 2672 586 2742 opoadelc
600 2671 640 2743 (aa
651 2691 700 2745 pro
712 2675 780 2747 obt)
798 2692 842 2746 ap.
857 2676 1000 2731 O'Donor.
1014 2693 1042 2747 p.
1058 2681 1117 2730 123.
1131 2679 1192 2730 219.
1223 2675 1279 2730 Sed
1289 2676 1320 2730 oi
1328 2675 1440 2746 scrIpu'o

273 2759 390 2815 occurrit
407 2758 481 2830 apud
493 2757 634 2812 Giraldum
652 2757 842 2814 cambrensem
862 2760 916 2831 (ap.
936 2761 1030 2814 Camd.
1049 2777 1077 2832 p.
1091 2761 1171 2832 7³7)=
1188 2757 1276 2814 “dicti
1295 2767 1360 2814 sunt
1374 2759 1440 2813 Goi-

272 2843 333 2910 dels',
348 2843 415 2898 dicti
427 2849 492 2898 sunt
503 2848 531 2896 et
539 2839 646 2908 Scoti”,
658 2839 816 2897 “hibernica
827 2843 922 2914 lingua
934 2861 1003 2914 quae
1016 2849 1044 2898 et
1054 2845 1199 2899 Gariielaot
1213 2841 1337 2898 dicitur”.
1351 2845 1395 2898 Ex
1409 2861 1441 2899 ae

273 2929 322 2984 illa
333 2928 479 3000 scriptione
487 2927 546 2999 jem
557 2926 706 2980 recentiora
718 2927 790 2981 facts
801 2927 932 2981 hodierna
943 2946 976 2982 ao
988 2929 1032 2983 vei
1042 2929 1095 2994 ooe',
1108 2935 1141 2984 ut
1152 2929 1181 2984 in
1192 2947 1245 2983 aon
1259 2928 1368 3000 (unus),
1382 2927 1441 2982 oos'a

275 3013 381 3085 (aem),
401 3020 512 3085 apparet
523 3013 552 3066 in
564 3011 630 3065 bod.
648 3010 792 3081 yaoidhaol
805 3011 982 3084 (Hibernus),
1001 3013 1139 3084 positia
1153 3013 1258 3084 (lingua
1275 3011 1437 3084 hibernien).

273 3097 420 3152 Peculisris
433 3103 473 3150 est
485 3096 572 3150 forma
582 3095 663 3150 obvia
674 3093 839 3149 inAnn.1V.
848 3096 969 3166 magistr.
980 3117 987 3152 r
999 3095 1101 3166 quand
1108 3102 1122 3150 'i
1129 3095 1323 3168 potentissimi
1335 3105 1364 3164 et
1375 3096 1439 3152 alie-

274 3180 399 3252 niganae)
414 3177 517 3234 o’con.
527 3182 552 3244 3,
570 3183 630 3244 761,
645 3195 707 3249 gen.
721 3196 776 3232 aaa
792 3179 893 3249 paciaci
905 3183 964 3234 754.
978 3183 1038 3247 824,
1059 3181 1115 3236 dat.
1127 3181 1289 3253 paoindmbb
1301 3183 1362 3233 348.
1378 3183 1438 3246 809,

273 3265 355 3319 etita
372 3264 401 3316 in
413 3262 474 3316 aliis
486 3263 647 3334 quibusdam
659 3262 741 3328 locis,
755 3263 822 3317 dum
838 3263 868 3318 In
884 3263 945 3318 aliis
958 3264 1057 3320 iterum
1068 3266 1246 3321 solitsiorma
1262 3264 1378 3318 obtinet.
1405 3265 1440 3320 In

273 3349 374 3420 hymno
387 3347 416 3400 in
429 3346 457 3402 S.
471 3345 618 3400 Patricium
631 3343 781 3400 Hiberniae
798 3347 904 3402 incolae
920 3349 1108 3419 significentur
1126 3349 1214 3404 adhsm
1231 3349 1374 3403 Scotorum
1391 3366 1441 3404 no.-

273 3435 360 3489 miner
369 3430 491 3502 pridclu's
504 3431 537 3484 do
548 3431 648 3486 arctasti
658 3429 833 3502 (praedicavit
845 3431 943 3504 Sectis)
957 3433 1021 3487 dist.
1033 3437 1074 3498 18,
1089 3449 1150 3488 cum
1164 3439 1291 3486 tservata
1302 3433 1337 3486 ob
1350 3433 1440 3504 dupli-

274 3536 332 3574 cem
344 3515 602 3589 pronuntiationem,
623 3522 655 3570 ut
673 3515 703 3568 in
722 3521 788 3582 eret,
809 3517 982 3572 crottuhlstter
995 3517 1123 3588 (cithara,
1144 3515 1325 3582 citharizatur,
1343 3533 1371 3587 p.
1383 3516 1437 3587 tr),

272 3605 344 3676 plur.
359 3601 496 3656 ms'adta
514 3600 636 3670 (crottae,
654 3599 764 3672 herpes)
784 3601 894 3656 Deirdr.
906 3619 935 3672 p.
952 3606 992 3656 16.
1024 3601 1054 3656 si
1071 3601 1208 3658 confertur
1219 3602 1319 3656 carubr.¹
1332 3601 1440 3672 proreta
1538 3602 1542 3608 '

275 3689 313 3760 (p.
329 3687 388 3757 174)
405 3693 433 3738 et
443 3685 550 3739 hibern.
561 3685 645 3754 anoth
660 3683 786 3758 (impetus
795 3686 829 3756 Ρ),
848 3687 922 3757 quod
934 3685 1097 3766 supponitur
1115 3687 1144 3740 in
1157 3685 1278 3741 Cormaci
1291 3684 1374 3755 glosa.
1389 3683 1440 3738 sub

272 3791 299 3828 v.
307 3769 441 3843 pcodbaai
448 3767 581 3841 epona,
591 3775 702 3839 etoquo
714 3769 951 3840 vixdiiiertaubst.
960 3770 1095 3839 retpstr'd,
1108 3769 1186 3840 patiti
1195 3769 1313 3840 (ventus,
1327 3785 1355 3840 p.
1364 3769 1438 3838 316),

272 3857 414 3926 utriusque
429 3852 545 3908 nominis
560 3851 722 3924 significatio
740 3854 835 3909 eedem
853 3855 961 3909 ridetur
972 3855 1065 3920 tubes,
1085 3841 1143 3908 ile.
1156 3853 1280 3926 inquieti,
1294 3853 1440 3924 impetuosi

275 3940 321 4012 (cf.
339 3939 450 4002 nomina
466 3937 628 4010 populorum
646 3935 744 4006 gallice
763 3938 859 3994 Gabali
870 3966 905 3984 ==
913 3939 1003 4010 pessel,
1024 3955 1067 4018 ap.
1082 3938 1171 4004 (torm.
1186 3953 1283 4018 synon.
1303 3953 1364 3992 cum
1374 3953 1440 4006 pace

272 4025 359 4090 dieat,
375 4030 402 4077 et
414 4021 537 4087 Cavares,
553 4021 652 4075 cambr.
667 4039 746 4087 eaeor,
761 4023 860 4096 gigas).
886 4024 977 4078 Etiam
989 4023 1100 4088 tertium
1112 4039 1211 4088 nomen
1224 4027 1362 4086 setustum
1374 4036 1441 4089 gen·

272 4112 307 4165 tis
319 4107 475 4164 hibernicae
486 4106 565 4171 Fens',
580 4123 594 4158 e
607 4122 661 4176 quo
673 4105 818 4172 Phaenius,
834 4107 968 4173 Fenisius,
982 4113 1106 4161 vetustus
1122 4107 1211 4171 heros,
1229 4111 1319 4159 ortum
1332 4104 1438 4168 sumsit,

272 4202 301 4250 et
312 4199 419 4250 vetusta
430 4189 526 4260 hugus
544 4189 675 4246 dialectos
691 4190 800 4246 ferians
819 4191 861 4243 vei
879 4190 1030 4260 phaeniana
1049 4190 1203 4256 dicebatur,
1225 4190 1326 4261 iegitur
1343 4190 1372 4250 ip
1391 4187 1441 4258 bye

271 4295 337 4334 mno
349 4278 377 4332 iu
391 4275 420 4330 S.
433 4275 590 4340 Patricium,
605 4273 669 4334 dist.
685 4277 734 4328 2⁰2
749 4273 872 4344 prebebis
886 4275 1013 4352 beficiis
1026 4274 1133 4340 bliadno
1150 4274 1240 4328 eroiei
1252 4273 1319 4328 crim
1329 4273 1440 4327 muca

274 4361 329 4416 ctio
334 4361 410 4431 sone.
438 4357 453 4377 “
464 4359 646 4428 Prpedicsvit,
665 4357 813 4423 Patricius,
836 4365 878 4412 ter
891 4358 989 4428 viginti
1000 4375 1087 4426 annos
1099 4375 1206 4428 crucem
1217 4357 1319 4412 Christi
1331 4356 1441 4429 populis

272 4441 444 4503 Feniorum.”
459 4443 522 4498 Duo
534 4443 600 4495 baec
612 4441 723 4496 nomina
733 4441 823 4512 gentis
834 4441 1031 4498 obsoleseantis
1041 4443 1070 4498 in
1083 4441 1225 4509 Hibernia,
1239 4442 1305 4496 dum
1317 4457 1440 4512 perman·
