3204 5084
278 431 412 488 XXXIV
766 441 963 486 ruasmrm.

276 598 371 694 juris
393 595 591 691 professor,
621 595 677 667 vir
701 597 747 667 de
771 593 902 666 studiis
925 593 1098 664 historiae
1121 590 1286 686 belgicae
1312 591 1451 686 optime

281 717 445 788 meritus.
492 716 550 786 Ex
568 739 613 787 ea
635 713 840 786 imitatione
864 710 1118 784 sermunculus
1142 711 1238 806 typis
1255 711 1453 805 impressus
1590 803 1591 818 χ

282 836 448 926 sequitur
465 833 561 906 inira
577 833 617 904 in
635 831 849 926 appendice.

386 953 553 1047 Belgicae
579 951 746 1046 regiones
775 959 813 1020 et
844 948 981 1020 vicinas
1011 947 1161 1052 gallicas
1190 946 1350 1019 multum
1380 946 1452 1018 fre-

284 1080 478 1164 quentatas
495 1069 606 1140 fuisse
620 1073 666 1140 ab
682 1069 871 1149 Hibernis,
890 1067 967 1162 jam
985 1066 1136 1136 nomina
1147 1064 1277 1136 Fefrus
1294 1066 1354 1138 vel
1368 1067 1453 1136 Fia-
1590 1097 1591 1104 ¹

284 1191 391 1272 erius,
414 1188 617 1272 ChillenuS,
641 1190 811 1269 Furseus‚
835 1186 1013 1266 Ultanus,
1037 1185 1067 1254 F
1069 1183 1247 1266 oillanus,
1270 1185 1453 1256 celebrata

284 1307 466 1381 Latiniaci
488 1331 602 1401 prope
621 1307 795 1388 Parisios,
819 1303 966 1386 Meldis,
990 1304 1164 1384 Peronae‚
1188 1303 1320 1384 Fossis,
1342 1305 1454 1374 Atre-

283 1428 443 1511 batibus,
466 1427 700 1501 confirmant.
723 1433 931 1496 sanctorum
950 1421 1213 1503 Hibernorum,
1231 1422 1297 1512 qui
1314 1421 1452 1492 ibidem

284 1545 323 1616 in
347 1545 584 1639 propaganda
607 1552 645 1614 et
669 1543 889 1614 stabilienda
916 1539 1094 1634 religione
1127 1539 1325 1610 christiana
1351 1539 1453 1611 labo-
1590 1541 1591 1574 ³

283 1673 411 1734 rarunt
435 1663 521 1732 inde
540 1687 562 1732 a
578 1662 697 1733 medio
714 1659 851 1732 saeculi
869 1659 1015 1753 septimi
1041 1657 1198 1752 (Mabill.
1220 1659 1318 1730 Acta
1335 1659 1454 1728 Bene-

283 1781 372 1853 dict.
395 1803 489 1851 saec.
512 1781 546 1862 2,
571 1781 658 1852 287.
684 1780 769 1850 573.
793 1779 897 1872 591).
929 1777 1071 1868 aliquot
1088 1776 1275 1846 decenniis
1292 1786 1454 1870 praeter-

283 1899 394 1993 lapsis
411 1905 606 1991 postquam
625 1897 875 1968 Columbanus
893 1905 930 1967 et
947 1895 1079 1966 Gallus
1097 1895 1260 1986 sociique
1274 1895 1448 1974 Galliam,

285 2017 517 2099 Habebam,
547 2016 694 2086 Italiam
719 2023 955 2109 peragrantes
980 2014 1200 2085 monasteria
1226 2014 1448 2092 Luxovium,

285 2135 409 2206 Sancti
424 2133 538 2216 Galli,
562 2134 720 2206 Bobium
738 2132 984 2214 instituerant,
1008 2141 1046 2202 et
1058 2132 1169 2225 paulo
1188 2141 1351 2226 tempore
1369 2143 1454 2204 ante

284 2277 396 2345 quam
416 2252 591 2324 Kilianus
617 2276 702 2323 cum
720 2251 826 2322 sociis
844 2251 1025 2320 Totmano
1043 2259 1080 2320 et
1097 2250 1274 2322 Colmano
1294 2251 1449 2345 (hibern.

291 2372 437 2446 Traron
471 2395 494 2440 a
518 2382 598 2442 torm
622 2395 660 2463 p.
690 2372 783 2452 267,
825 2369 971 2442 Colman
996 2399 1048 2430 =
1079 2369 1270 2440 Calambrio
1295 2393 1318 2439 a
1343 2369 1454 2440 colum

283 2513 321 2581 p.
345 2489 439 2570 752,
468 2487 606 2559 formae
629 2489 820 2558 nominum
843 2485 1103 2580 praeferendae
1125 2485 1250 2558 formis
1275 2487 1456 2558 Tomara-us

284 2615 323 2678 et
345 2607 553 2691 Coloaatas3
577 2605 624 2676 cf.
648 2605 766 2677 Eckh.
786 2608 846 2676 Fr.
863 2607 928 2675 Or.
950 2605 981 2684 l,
1000 2606 1086 2688 274,
1111 2604 1205 2675 Boll.
1222 2605 1347 2686 Juln,
1367 2605 1453 2699 601)
1590 2605 1591 2632 ³

284 2724 562 2820 Wirziburgum
582 2731 773 2795 venerunt.

387 2927 535 3022 Lingua
559 2929 691 3000 horum
715 2927 883 3000 codicum
901 2927 1067 3000 omnium
1094 2927 1373 2998 tribuendorum
1391 2936 1456 2998 aut
1556 2945 1560 2958 ·

283 3046 430 3117 saeculo
456 3055 584 3118 octavo
608 3055 673 3117 aut
690 3069 787 3118 nono
805 3045 951 3116 ineunti
975 3053 1031 3116 est
1047 3069 1123 3116 una
1140 3047 1360 3136 eademque,
1383 3043 1456 3116 for-

286 3163 355 3233 mis
379 3163 454 3233 suis
479 3173 516 3234 et
544 3163 682 3257 regulis
713 3163 820 3234 certis
848 3163 1139 3256 circumscripta,
1179 3162 1309 3257 lingua
1333 3164 1457 3236 hiber-

286 3281 370 3350 nica
387 3290 543 3352 vetusta.
588 3281 683 3351 Satis
707 3289 847 3350 certum
871 3291 909 3350 et
933 3283 1165 3374 perspicuum
1189 3291 1261 3362 est,
1279 3281 1358 3376 jam
1384 3281 1458 3375 pri-

286 3399 382 3481 dem,
411 3421 496 3468 cum
514 3408 672 3490 quatuor
689 3397 836 3468 dialecti
861 3409 1018 3490 quatuor
1035 3399 1255 3492 populorum
1272 3399 1459 3492 principa-

285 3515 378 3586 lium
404 3515 609 3588 Hiberniae
634 3515 779 3587 differre
805 3527 843 3588 et
866 3515 1044 3612 distingui
1068 3526 1268 3610 coeperunt
1286 3525 1360 3588 tam
1380 3541 1457 3588 ase

286 3659 398 3727 quam
424 3660 446 3706 a
470 3633 687 3706 formatione
712 3633 863 3728 linguae
890 3637 1094 3708 communis
1113 3636 1254 3729 prioris,
1283 3636 1380 3706 hane
1397 3659 1459 3706 co-

285 3755 427 3850 gnitam
446 3752 710 3824 recentioribus
728 3753 941 3825 hominibus
959 3777 978 3824 e
996 3754 1100 3826 libris
1118 3755 1282 3837 vetustis,
1306 3763 1349 3824 ut
1366 3753 1459 3848 legi-

285 3875 356 3944 bus
371 3871 537 3963 aliisque,
557 3895 579 3940 a
593 3869 740 3942 nomine
756 3872 877 3966 gentis
897 3873 1102 3944 vetustioris
1118 3883 1197 3943 turn
1210 3872 1459 3944 obsolescente

286 3991 530 4086 significatam
560 4013 637 4060 esse
673 3990 970 4062 denominatione
1006 3991 1118 4063 Barla
1155 3991 1267 4072 Fene,
1307 3989 1459 4085 linguae

287 4110 498 4188 Feniorum,
515 4107 573 4178 vel
586 4107 734 4178 dialecti
746 4105 954 4180 femmae*
980 4109 1026 4178 Iu
1038 4111 1301 4203 orthographia
1314 4117 1456 4179 tantum

287 4263 495 4272 ---—.--—-

361 4343 374 4367 “
392 4340 561 4396 blemoratur
582 4342 612 4394 iu
623 4338 723 4394 hunsl.
738 4339 786 4392 IV.
806 4339 929 4408 magistr.
943 4339 977 4394 ad
990 4357 1014 4393 a.
1029 4343 1079 4392 935
1093 4357 1137 4410 ap.
1152 4339 1255 4394 O'Con.
1271 4345 1296 4402 3,
1310 4343 1356 4392 461
1372 4359 1378 4392 r
1406 4338 1462 4392 Fia

285 4425 383 4477 naehta
400 4443 451 4477 mc.
471 4425 713 4478 tharasconam
726 4425 811 4478 Deire
829 4444 882 4495 esp.
905 4423 991 4476 tsaoi
1009 4423 1082 4477 herl
1088 4443 1105 4476 o
1117 4425 1208 4477 Faue
1229 4424 1425 4493 (Finnachtaus
1439 4423 1458 4475 l'.

286 4511 421 4566 Ceallachi
434 4511 550 4565 vicarius
561 4510 704 4562 Derrensis
723 4511 866 4580 episcopus
884 4517 911 4562 et
930 4509 1038 4578 sapiens
1058 4509 1086 4562 in
1099 4509 1195 4578 lingua
1207 4508 1375 4579 laniorum),
1397 4507 1462 4562 scri-
