3104 5078
162 366 190 428 Ι.
208 369 239 426 2.
273 382 444 430 consonsn
460 383 685 428 narrentanas
701 385 911 430 monossrss
926 385 1120 430 ssrrnarsa.
1200 367 1258 428 211

101 553 203 616 praep.
222 540 274 596 tra
296 535 411 614 (trans,
429 534 551 616 supra),
568 555 649 616 quaa
671 545 720 598 est
739 535 835 598 etiam
854 533 1037 618 conjunctio
1052 535 1163 617 (quam
1177 533 1259 617 diu),

99 647 166 702 orn
179 660 197 701 e
212 647 292 714 ίναο,
310 660 354 702 an
368 660 386 702 e
400 639 495 702 aas?

181 760 318 823 Cornica
337 769 370 823 et
385 759 522 822 amonica
535 781 644 844 praep.
663 783 683 822 a
698 760 874 824 destituens
889 771 1074 845 sequentem
1089 781 1262 851 consonam

98 875 145 927 est
168 864 312 928 diversae
337 864 598 947 significationis,
627 865 696 948 jam
727 864 761 928 in
788 866 878 928 Pass.
906 875 940 928 at
965 866 1052 928 Bnh.
1081 867 1174 930 obvia
1204 889 1261 950 pro

96 971 210 1033 cambr.
231 993 261 1032 o.

179 1099 210 1154 4.
236 1092 419 1156 Particulae
442 1091 615 1156 cambricae
634 1113 656 1155 a
677 1094 748 1177 (et),
771 1115 811 1157 no
833 1094 969 1176 (quam),
989 1115 1124 1176 quarum
1144 1093 1262 1156 formae

96 1196 283 1259 vetustiores
300 1219 348 1272 ac,
366 1219 424 1261 noc
437 1207 570 1260 manent
584 1208 658 1260 ante
673 1197 813 1261 vocales:
837 1221 896 1284 ysp
912 1197 1175 1282 aphcllennipyon
1192 1198 1261 1280 (ho-

95 1299 191 1384 spites
207 1311 240 1364 ct
256 1301 413 1384 extranei)
430 1303 517 1365 Mab.
540 1311 568 1378 1,
586 1311 615 1365 1.
633 1303 772 1388 offarth
788 1325 827 1364 ar
842 1311 941 1388 coety
959 1302 1112 1367 deathont
1125 1304 1172 1383 (et
1186 1323 1260 1366 con-

95 1415 142 1467 tra
156 1405 272 1469 silvam
287 1405 377 1468 ibant
385 1431 394 1481 ;
411 1437 456 1459 =
463 1407 586 1489 pharth
602 1429 619 1470 a
627 1407 743 1490 parth)
760 1412 790 1483 2,
811 1413 862 1469 36.
881 1429 966 1470 mom
982 1429 1002 1469 a
1018 1407 1087 1470 stat
1101 1407 1215 1486 (mater
1229 1417 1262 1470 et

93 1513 196 1592 pater)
215 1517 250 1586 1,
270 1515 301 1573 2.
330 1511 489 1576 otheimos
511 1513 673 1576 athridieu
693 1515 739 1594 (et
760 1523 823 1574 tres
851 1523 960 1574 noctes
984 1523 1016 1574 et
1045 1521 1107 1575 tres
1129 1513 1210 1596 dies)
1228 1519 1259 1590 ³,

94 1619 166 1677 274.
185 1615 313 1700 athrwy
327 1639 348 1702 y
364 1615 460 1680 kroen
475 1619 522 1701 (et
536 1639 592 1701 per
606 1619 726 1699 cutem)
744 1623 774 1693 1,
795 1623 844 1679 13.
862 1617 999 1701 ochysea
1018 1638 1114 1680 aoruo
1128 1619 1176 1698 (et
1190 1619 1260 1682 dor·

92 1719 170 1782 mire
194 1719 314 1803 coepit)
333 1730 361 1798 1,
382 1727 410 1784 2.
430 1743 488 1785 can
510 1743 580 1807 wyr
602 1721 704 1786 achan
718 1723 850 1806 wraped
863 1723 950 1802 (cum
964 1719 1039 1783 viris
1055 1731 1087 1783 et
1102 1743 1175 1785 oum
1190 1745 1260 1788 mu-

92 1823 252 1906 lieribus),
267 1847 327 1890 can
343 1825 440 1890 swein
455 1849 494 1889 no
510 1827 591 1890 chan
604 1849 711 1911 pynon
727 1829 815 1909 (cum
829 1827 870 1891 Ο.
887 1827 989 1909 magis
1004 1847 1100 1909 quam
1115 1849 1189 1891 cum
1203 1829 1259 1911 O.)

94 1938 123 2007 1,
140 1919 193 1993 1'0.
215 1933 266 1992 12.
283 1932 407 2014 pwaetlz
423 1953 462 1995 no
477 1931 575 2017 chynt
588 1932 692 2018 (pejus
708 1953 804 2016 quam
815 1935 923 2015 antea)
937 1937 966 2008 2,
983 1937 1056 1994 381.
1080 1931 1211 2015 Aspirat
1225 1933 1259 1995 in

90 2034 203 2120 lingua
229 2035 385 2099 hodierna
410 2047 443 2099 et
468 2037 551 2120 conj.
574 2059 635 2101 neu
661 2039 751 2120 (vel).
781 2039 844 2102 Sed
870 2047 1032 2100 vetustum
1059 2037 1259 2120 aspirationis

90 2141 277 2224 exemplum
290 2140 406 2217 nescio,
418 2140 634 2205 destitutionis
646 2141 753 2226 aliqua
764 2153 938 2225 sequentur
948 2143 1031 2205 infra
1042 2143 1101 2205 sub
1114 2143 1152 2205 C.
1163 2143 1191 2204 Ι.
1206 2149 1256 2205 11.

179 2269 210 2324 5.
237 2261 389 2344 Ejusdem
412 2261 503 2326 seriei
529 2273 578 2328 est
599 2261 756 2348 particula
777 2261 933 2326 cambrica
953 2261 1101 2346 negativa
1122 2285 1166 2326 oa
1186 2266 1260 2344 (nac

90 2379 165 2431 ante
191 2365 349 2450 vocales):
378 2389 475 2452 yspys
500 2391 550 2453 yw
576 2391 619 2431 na
641 2367 737 2454 clynt
757 2391 801 2431 na
824 2367 936 2453 pwedy
965 2389 1008 2430 na
1030 2367 1159 2452 eliplefi
1179 2367 1262 2431 kerd

90 2471 202 2558 kyriel
215 2470 435 2554 (manifestum
455 2483 514 2550 est,
532 2473 617 2556 qnod
639 2495 698 2535 nec
718 2485 812 2536 antea
826 2494 885 2535 nec
900 2481 1009 2556 postca
1023 2493 1090 2534 non
1105 2472 1259 2535 audierim

90 2587 224 2638 cantum
239 2597 339 2658 aeque
354 2575 493 2660 dulcem)
510 2577 597 2640 Mab.
616 2585 644 2653 1,
662 2583 692 2639 9.
721 2577 851 2660 Aspirat
867 2587 978 2640 tenues
994 2575 1089 2639 ctiam
1103 2577 1259 2660 particula

92 2681 242 2764 negativa
256 2680 401 2743 absoluta
416 2703 458 2765 ny
475 2681 579 2765 (cujus
594 2683 711 2745 formae
726 2681 883 2766 pleniores
894 2689 953 2765 nyt
966 2691 1040 2743 ante
1051 2681 1184 2756 vocales,
1199 2701 1258 2765 oya

92 2783 191 2847 etiam
206 2795 279 2847 ante
294 2807 448 2848 consonas
464 2787 568 2849 adhuc
583 2791 741 2869 exstant):
766 2809 809 2870 ny
821 2785 980 2872 fflypwys
997 2787 1075 2866 (non
1090 2783 1180 2846 flexit
1188 2809 1197 2860 3
1215 2817 1259 2837 =

33 2953 35 2958 ,
88 2911 133 2974 ny
147 2888 340 2973 phlypwys‚
362 2889 404 2952 cf.
430 2911 450 2952 a
473 2891 629 2976 blppwys,
653 2889 755 2966 flexit,
773 2889 861 2952 Mab.
882 2895 912 2964 3,
933 2873 1008 2969 303)
1024 2889 1112 2950 Mab.
1132 2894 1162 2964 2,
1182 2893 1255 2952 207.

88 3016 131 3078 ny
155 2993 325 3079 thybypwn
348 2997 428 3078 (non
454 2995 631 3078 cogitabam
637 3019 646 3070 ;
675 3027 719 3046 =
744 2993 965 3078 nyttybypwn,
993 2999 1018 3056 tt
1037 3021 1081 3045 ε-
1104 2991 1151 3076 th)
1171 3001 1204 3071 1,
1225 2999 1254 3057 2.

87 3121 130 3184 ny
153 3099 372 3183 cllywyssynt
391 3100 471 3178 (non
493 3099 693 3181 audiverant)
712 3105 740 3175 1,
760 3104 812 3174 23,
830 3117 847 3160 e
862 3117 977 3182 oya-c„
996 3106 1108 3182 ayt-c„
1126 3099 1258 3183 ayo-cst

88 3201 260 3286 Ejusmodi
275 3203 459 3266 assimilatio
475 3203 534 3266 erit
549 3203 645 3268 etiam
660 3225 734 3266 cum
747 3201 860 3266 mediis
876 3211 908 3264 et
922 3221 964 3278 m,
981 3199 1108 3265 intactis
1123 3203 1163 3266 ab
1175 3201 1257 3288 aspi·

87 3307 231 3371 ratione:
255 3329 299 3370 na
314 3307 477 3394 bychydic,
496 3333 539 3372 na
554 3307 673 3373 meirch
689 3309 742 3392 (cf.
760 3309 801 3372 A.
820 3307 849 3370 I.
870 3313 906 3383 73
924 3338 967 3360 =
981 3307 1201 3390 nammeirch),
1220 3319 1258 3371 ut

87 3413 191 3474 estin
215 3411 386 3496 scriptione
408 3413 572 3496 frequente
593 3411 627 3474 in
650 3413 738 3476 Mab.
758 3411 922 3476 trannoetlr
945 3415 1062 3493 (manc,
1082 3433 1178 3496 supra
1192 3435 1256 3498 nno·

12 3536 17 3548 ·
86 3520 197 3600 ctam),
224 3525 383 3594 ennea„
410 3526 512 3582 traam
545 3517 688 3601 Post-ny
711 3527 819 3580 tamen
840 3517 1057 3580 destitutionis
1079 3519 1255 3583 mediarum

86 3621 332 3705 exemplainfra
348 3623 407 3685 sub
422 3623 460 3686 C.
478 3623 507 3685 I.
528 3627 578 3683 11.

172 3743 226 3806 De
241 3743 373 3806 cornicis
388 3756 421 3808 ct
435 3743 595 3808 armoricis
611 3741 774 3826 particulis
790 3741 843 3820 Ῐια,
859 3743 922 3829 laq
934 3746 1005 3828 (et),
1020 3768 1074 3823 na,
1088 3767 1151 3830 naq
1168 3749 1253 3828 (nec)

85 3847 210 3910 dictum
226 3867 322 3930 supra
336 3850 377 3910 A.
396 3849 424 3911 I.
446 3857 474 3910 7.

171 3969 223 4032 11.
257 3969 298 4032 ln
317 3969 555 4054 compositione.
584 3976 612 4032 1.
630 3971 663 4034 N
665 3970 818 4034 umeralia
828 3970 984 4034 cambrica
996 3971 1041 4033 tri
1052 3973 1155 4052 (tras),
1170 3969 1254 4033 otwe

85 4075 190 4156 (sex):
221 4073 337 4160 oledgf
356 4073 549 4140 tachanawl
574 4073 712 4158 (gladius
740 4074 900 4158 tricuspis)
922 4077 1010 4138 Mab.
1030 4079 1065 4150 2,
1086 4080 1158 4135 384.
1178 4081 1250 4137 387.

84 4177 134 4240 cf.
153 4197 254 4262 supra
270 4179 311 4240 B.
329 4177 358 4238 I.
378 4184 407 4238 1.
1125 4258 1133 4274 ς

172 4303 204 4360 2.
231 4297 485 4381 Praepositionas
505 4300 679 4364 cambricae
693 4322 715 4363 a
729 4311 762 4364 et
783 4308 845 4364 tra.
878 4297 1183 4380 Frequentissimum
1198 4301 1252 4364 ad·

84 4403 171 4464 verb.
192 4401 373 4486 nachfyn,
393 4399 561 4488 trwheoyn
581 4404 721 4485 (iterum,
738 4415 840 4479 rstr03
865 4403 966 4466 subst.
984 4402 1095 4538 haspra,
1114 4410 1252 4490 tergum)

982 4511 1018 4565 14
