<?xml version="1.0" encoding="UTF-8"?>
<!DOCTYPE html PUBLIC "-//W3C//DTD XHTML 1.0 Transitional//EN"
    "http://www.w3.org/TR/xhtml1/DTD/xhtml1-transitional.dtd">
<html xmlns="http://www.w3.org/1999/xhtml" xml:lang="en" lang="en">
 <head>
  <title>
</title>
<meta http-equiv="Content-Type" content="text/html;charset=utf-8" />
  <meta name='ocr-system' content='tesseract 3.04.00' />
  <meta name='ocr-capabilities' content='ocr_page ocr_carea ocr_par ocr_line ocrx_word'/>
</head>
<body>
  <div class='ocr_page' id='page_1' title='image "./grammaticacelti02zeusgoog_0051.png"; bbox 0 0 3204 5084; ppageno 0'>
   <div class='ocr_carea' id='block_1_1' title="bbox 602 432 1291 490">
    <p class='ocr_par' dir='ltr' id='par_1_1' title="bbox 602 432 1291 490">
     <span class='ocr_line' id='line_1_1' title="bbox 602 432 1291 490; baseline 0.003 -2"><span class='ocrx_word' id='word_1_1' title='bbox 602 443 799 488; x_wconf 69' lang='lat' dir='ltr'>enarrarre.</span> <span class='ocrx_word' id='word_1_2' title='bbox 1206 432 1291 490; x_wconf 84' lang='lat' dir='ltr'>XLV</span> 
     </span>
    </p>
   </div>
   <div class='ocr_carea' id='block_1_2' title="bbox 16 593 1291 926">
    <p class='ocr_par' dir='ltr' id='par_1_2' title="bbox 16 593 1291 926">
     <span class='ocr_line' id='line_1_2' title="bbox 129 593 1291 690; baseline -0.002 -18"><span class='ocrx_word' id='word_1_3' title='bbox 129 599 282 672; x_wconf 83' lang='lat' dir='ltr'>bitatore</span> <span class='ocrx_word' id='word_1_4' title='bbox 298 600 405 670; x_wconf 88' lang='lat' dir='ltr'>docto</span> <span class='ocrx_word' id='word_1_5' title='bbox 423 598 448 668; x_wconf 90' lang='lat' dir='ltr'>J</span> <span class='ocrx_word' id='word_1_6' title='bbox 448 597 510 669; x_wconf 88' lang='lat' dir='ltr'>oh.</span> <span class='ocrx_word' id='word_1_7' title='bbox 533 593 719 690; x_wconf 87' lang='lat' dir='ltr'>Keigwin‚</span> <span class='ocrx_word' id='word_1_8' title='bbox 739 594 808 687; x_wconf 84' lang='lat' dir='ltr'>qui</span> <span class='ocrx_word' id='word_1_9' title='bbox 826 593 898 668; x_wconf 87' lang='lat' dir='ltr'>fuit</span> <span class='ocrx_word' id='word_1_10' title='bbox 915 594 1012 668; x_wconf 86' lang='lat' dir='ltr'>inte&#39;r</span> <span class='ocrx_word' id='word_1_11' title='bbox 1029 594 1178 668; x_wconf 87' lang='lat' dir='ltr'>ultimos</span> <span class='ocrx_word' id='word_1_12' title='bbox 1195 599 1291 670; x_wconf 87' lang='lat' dir='ltr'>viros</span> 
     </span>
     <span class='ocr_line' id='line_1_3' title="bbox 21 714 1291 818; baseline 0.002 -30"><span class='ocrx_word' id='word_1_13' title='bbox 21 807 29 818; x_wconf 26' lang='grc' dir='ltr'>ι</span> <span class='ocrx_word' id='word_1_14' title='bbox 126 717 283 811; x_wconf 82' lang='lat' dir='ltr'>perfecte</span> <span class='ocrx_word' id='word_1_15' title='bbox 310 739 441 811; x_wconf 86' lang='lat' dir='ltr'>gnaros</span> <span class='ocrx_word' id='word_1_16' title='bbox 466 715 617 809; x_wconf 82' lang='lat' dir='ltr'>linguae</span> <span class='ocrx_word' id='word_1_17' title='bbox 635 722 715 786; x_wconf 91' lang='lat' dir='ltr'>tum</span> <span class='ocrx_word' id='word_1_18' title='bbox 727 714 807 808; x_wconf 88' lang='lat' dir='ltr'>jam</span> <span class='ocrx_word' id='word_1_19' title='bbox 832 714 1055 786; x_wconf 85' lang='lat' dir='ltr'><strong>emorientis.</strong></span> <span class='ocrx_word' id='word_1_20' title='bbox 1102 717 1195 788; x_wconf 85' lang='lat' dir='ltr'>Tam</span> <span class='ocrx_word' id='word_1_21' title='bbox 1213 742 1291 790; x_wconf 92' lang='lat' dir='ltr'>cor-</span> 
     </span>
     <span class='ocr_line' id='line_1_4' title="bbox 16 832 1291 926; baseline 0 -18"><span class='ocrx_word' id='word_1_22' title='bbox 16 841 18 886; x_wconf 72' lang='lat'>&#39;2</span> <span class='ocrx_word' id='word_1_23' title='bbox 126 837 225 908; x_wconf 89' lang='lat' dir='ltr'>nicus</span> <span class='ocrx_word' id='word_1_24' title='bbox 253 843 376 906; x_wconf 82' lang='lat' dir='ltr'>tentus</span> <span class='ocrx_word' id='word_1_25' title='bbox 405 858 516 925; x_wconf 87' lang='lat' dir='ltr'>quarn</span> <span class='ocrx_word' id='word_1_26' title='bbox 542 832 659 904; x_wconf 87' lang='lat' dir='ltr'>versio</span> <span class='ocrx_word' id='word_1_27' title='bbox 677 833 822 926; x_wconf 89' lang='lat' dir='ltr'>anglica</span> <span class='ocrx_word' id='word_1_28' title='bbox 850 835 1031 906; x_wconf 91' lang='lat' dir='ltr'>eduobus</span> <span class='ocrx_word' id='word_1_29' title='bbox 1049 833 1136 906; x_wconf 93' lang='lat' dir='ltr'>item</span> <span class='ocrx_word' id='word_1_30' title='bbox 1156 837 1291 908; x_wconf 89' lang='lat' dir='ltr'>codici-</span> 
     </span>
    </p>
   </div>
   <div class='ocr_carea' id='block_1_3' title="bbox 16 952 1290 1262">
    <p class='ocr_par' dir='ltr' id='par_1_3' title="bbox 16 952 1290 1262">
     <span class='ocr_line' id='line_1_5' title="bbox 16 952 1290 1048; baseline 0 -22"><span class='ocrx_word' id='word_1_31' title='bbox 16 1007 17 1040; x_wconf 51' lang='lat'><em>2</em></span> <span class='ocrx_word' id='word_1_32' title='bbox 125 956 190 1026; x_wconf 89' lang='lat' dir='ltr'>bus</span> <span class='ocrx_word' id='word_1_33' title='bbox 206 953 346 1048; x_wconf 90' lang='lat' dir='ltr'>prodiit</span> <span class='ocrx_word' id='word_1_34' title='bbox 362 976 459 1024; x_wconf 90' lang='lat' dir='ltr'>anno</span> <span class='ocrx_word' id='word_1_35' title='bbox 483 953 578 1024; x_wconf 78' lang='lat'>1826</span> <span class='ocrx_word' id='word_1_36' title='bbox 597 952 771 1024; x_wconf 90' lang='lat' dir='ltr'>Londinii</span> <span class='ocrx_word' id='word_1_37' title='bbox 789 954 858 1024; x_wconf 91' lang='lat' dir='ltr'>sub</span> <span class='ocrx_word' id='word_1_38' title='bbox 878 953 1008 1024; x_wconf 89' lang='lat' dir='ltr'>titulo:</span> <span class='ocrx_word' id='word_1_39' title='bbox 1028 955 1045 974; x_wconf 84' lang='lat'><strong><em>“</em></strong></span> <span class='ocrx_word' id='word_1_40' title='bbox 1057 953 1193 1025; x_wconf 91' lang='lat' dir='ltr'>Mount</span> <span class='ocrx_word' id='word_1_41' title='bbox 1206 955 1290 1026; x_wconf 88' lang='lat' dir='ltr'>Cal-</span> 
     </span>
     <span class='ocr_line' id='line_1_6' title="bbox 16 1069 1289 1166; baseline 0.002 -24"><span class='ocrx_word' id='word_1_42' title='bbox 16 1107 17 1118; x_wconf 45' lang='lat'><em>*</em></span> <span class='ocrx_word' id='word_1_43' title='bbox 125 1097 218 1166; x_wconf 75' lang='lat' dir='ltr'>vary,</span> <span class='ocrx_word' id='word_1_44' title='bbox 248 1095 290 1142; x_wconf 89' lang='lat' dir='ltr'>or</span> <span class='ocrx_word' id='word_1_45' title='bbox 315 1072 378 1141; x_wconf 91' lang='lat' dir='ltr'>the</span> <span class='ocrx_word' id='word_1_46' title='bbox 388 1071 534 1166; x_wconf 86' lang='lat' dir='ltr'>history</span> <span class='ocrx_word' id='word_1_47' title='bbox 557 1069 599 1141; x_wconf 89' lang='lat' dir='ltr'>of</span> <span class='ocrx_word' id='word_1_48' title='bbox 612 1071 675 1141; x_wconf 92' lang='lat' dir='ltr'>the</span> <span class='ocrx_word' id='word_1_49' title='bbox 692 1071 859 1163; x_wconf 76' lang='lat' dir='ltr'><strong>passion,</strong></span> <span class='ocrx_word' id='word_1_50' title='bbox 889 1072 1012 1152; x_wconf 81' lang='lat' dir='ltr'>death,</span> <span class='ocrx_word' id='word_1_51' title='bbox 1041 1073 1114 1142; x_wconf 88' lang='lat' dir='ltr'>and</span> <span class='ocrx_word' id='word_1_52' title='bbox 1131 1096 1289 1144; x_wconf 86' lang='lat' dir='ltr'>resurre—</span> 
     </span>
     <span class='ocr_line' id='line_1_7' title="bbox 16 1187 1289 1262; baseline 0 -2"><span class='ocrx_word' id='word_1_53' title='bbox 16 1197 18 1208; x_wconf 92' lang='lat'>&#39;</span> <span class='ocrx_word' id='word_1_54' title='bbox 124 1191 218 1262; x_wconf 89' lang='lat' dir='ltr'>otion</span> <span class='ocrx_word' id='word_1_55' title='bbox 235 1188 279 1260; x_wconf 89' lang='lat' dir='ltr'>of</span> <span class='ocrx_word' id='word_1_56' title='bbox 291 1213 360 1260; x_wconf 90' lang='lat' dir='ltr'>our</span> <span class='ocrx_word' id='word_1_57' title='bbox 377 1190 478 1260; x_wconf 87' lang='lat' dir='ltr'>Lord</span> <span class='ocrx_word' id='word_1_58' title='bbox 495 1189 570 1260; x_wconf 91' lang='lat' dir='ltr'>and</span> <span class='ocrx_word' id='word_1_59' title='bbox 587 1187 740 1260; x_wconf 87' lang='lat' dir='ltr'>Saviour</span> <span class='ocrx_word' id='word_1_60' title='bbox 756 1189 781 1258; x_wconf 94' lang='lat' dir='ltr'><strong>J</strong></span> <span class='ocrx_word' id='word_1_61' title='bbox 782 1211 865 1260; x_wconf 89' lang='lat' dir='ltr'>esus</span> <span class='ocrx_word' id='word_1_62' title='bbox 883 1187 1020 1260; x_wconf 86' lang='lat' dir='ltr'>Christ.</span> <span class='ocrx_word' id='word_1_63' title='bbox 1066 1189 1232 1260; x_wconf 89' lang='lat' dir='ltr'>Written</span> <span class='ocrx_word' id='word_1_64' title='bbox 1250 1189 1289 1260; x_wconf 92' lang='lat' dir='ltr'>in</span> 
     </span>
    </p>
   </div>
   <div class='ocr_carea' id='block_1_4' title="bbox 121 1305 1390 2466">
    <p class='ocr_par' dir='ltr' id='par_1_4' title="bbox 122 1305 1390 1640">
     <span class='ocr_line' id='line_1_8' title="bbox 124 1305 1285 1402; baseline 0 -24"><span class='ocrx_word' id='word_1_65' title='bbox 124 1308 274 1378; x_wconf 87' lang='lat' dir='ltr'>Comish</span> <span class='ocrx_word' id='word_1_66' title='bbox 303 1306 355 1400; x_wconf 85' lang='lat' dir='ltr'>(as</span> <span class='ocrx_word' id='word_1_67' title='bbox 378 1307 410 1378; x_wconf 94' lang='lat' dir='ltr'>it</span> <span class='ocrx_word' id='word_1_68' title='bbox 426 1330 511 1402; x_wconf 86' lang='lat' dir='ltr'>may</span> <span class='ocrx_word' id='word_1_69' title='bbox 534 1307 580 1378; x_wconf 94' lang='lat' dir='ltr'>be</span> <span class='ocrx_word' id='word_1_70' title='bbox 607 1305 852 1402; x_wconf 80' lang='lat' dir='ltr'>conjectured)</span> <span class='ocrx_word' id='word_1_71' title='bbox 876 1329 975 1379; x_wconf 89' lang='lat' dir='ltr'>some</span> <span class='ocrx_word' id='word_1_72' title='bbox 992 1307 1175 1378; x_wconf 81' lang='lat' dir='ltr'>centurias</span> <span class='ocrx_word' id='word_1_73' title='bbox 1191 1316 1285 1401; x_wconf 87' lang='lat' dir='ltr'>past,</span> 
     </span>
     <span class='ocr_line' id='line_1_9' title="bbox 123 1411 1390 1521; baseline -0.002 -23"><span class='ocrx_word' id='word_1_74' title='bbox 123 1427 345 1520; x_wconf 87' lang='lat' dir='ltr'>interpreted</span> <span class='ocrx_word' id='word_1_75' title='bbox 371 1426 412 1496; x_wconf 91' lang='lat' dir='ltr'>in</span> <span class='ocrx_word' id='word_1_76' title='bbox 436 1425 500 1496; x_wconf 89' lang='lat' dir='ltr'>the</span> <span class='ocrx_word' id='word_1_77' title='bbox 527 1424 673 1520; x_wconf 85' lang='lat' dir='ltr'>english</span> <span class='ocrx_word' id='word_1_78' title='bbox 697 1432 835 1520; x_wconf 89' lang='lat' dir='ltr'>tongue</span> <span class='ocrx_word' id='word_1_79' title='bbox 860 1425 901 1496; x_wconf 91' lang='lat' dir='ltr'>in</span> <span class='ocrx_word' id='word_1_80' title='bbox 927 1427 990 1497; x_wconf 89' lang='lat' dir='ltr'>the</span> <span class='ocrx_word' id='word_1_81' title='bbox 1012 1449 1099 1521; x_wconf 89' lang='lat' dir='ltr'>year</span> <span class='ocrx_word' id='word_1_82' title='bbox 1121 1425 1215 1498; x_wconf 83' lang='lat'>1682</span> <span class='ocrx_word' id='word_1_83' title='bbox 1241 1427 1289 1521; x_wconf 90' lang='lat' dir='ltr'>by</span> <span class='ocrx_word' id='word_1_84' title='bbox 1381 1411 1390 1418; x_wconf 61' lang='grc'><strong>’</strong></span> 
     </span>
     <span class='ocr_line' id='line_1_10' title="bbox 122 1541 1231 1640; baseline 0.001 -27"><span class='ocrx_word' id='word_1_85' title='bbox 122 1544 215 1618; x_wconf 87' lang='lat' dir='ltr'>John</span> <span class='ocrx_word' id='word_1_86' title='bbox 234 1543 458 1640; x_wconf 77' lang='lat' dir='ltr'>Keigwim</span> <span class='ocrx_word' id='word_1_87' title='bbox 481 1541 595 1616; x_wconf 88' lang='lat' dir='ltr'>Gent.</span> <span class='ocrx_word' id='word_1_88' title='bbox 633 1542 768 1616; x_wconf 85' lang='lat' dir='ltr'>Edited</span> <span class='ocrx_word' id='word_1_89' title='bbox 791 1545 840 1639; x_wconf 91' lang='lat' dir='ltr'>by</span> <span class='ocrx_word' id='word_1_90' title='bbox 857 1543 993 1616; x_wconf 87' lang='lat' dir='ltr'>Davies</span> <span class='ocrx_word' id='word_1_91' title='bbox 1016 1542 1231 1616; x_wconf 87' lang='lat' dir='ltr'>Gilbert.”</span> 
     </span>
    </p>

    <p class='ocr_par' dir='ltr' id='par_1_5' title="bbox 121 1661 1336 2466">
     <span class='ocr_line' id='line_1_11' title="bbox 218 1661 1336 1757; baseline 0.001 -23"><span class='ocrx_word' id='word_1_92' title='bbox 218 1661 324 1735; x_wconf 83' lang='lat' dir='ltr'>Male</span> <span class='ocrx_word' id='word_1_93' title='bbox 342 1669 439 1734; x_wconf 87' lang='lat' dir='ltr'>certe</span> <span class='ocrx_word' id='word_1_94' title='bbox 456 1685 495 1734; x_wconf 88' lang='lat' dir='ltr'>se</span> <span class='ocrx_word' id='word_1_95' title='bbox 512 1661 626 1734; x_wconf 88' lang='lat' dir='ltr'>habet</span> <span class='ocrx_word' id='word_1_96' title='bbox 648 1661 814 1734; x_wconf 80' lang='lat' dir='ltr'>corninus</span> <span class='ocrx_word' id='word_1_97' title='bbox 832 1669 956 1734; x_wconf 79' lang='lat' dir='ltr'>textus</span> <span class='ocrx_word' id='word_1_98' title='bbox 972 1661 1084 1757; x_wconf 88' lang='lat' dir='ltr'>hujus</span> <span class='ocrx_word' id='word_1_99' title='bbox 1101 1661 1284 1746; x_wconf 84' lang='lat' dir='ltr'>editionis,</span> <span class='ocrx_word' id='word_1_100' title='bbox 1330 1667 1336 1679; x_wconf 75' lang='grc'><em>“</em></span> 
     </span>
     <span class='ocr_line' id='line_1_12' title="bbox 124 1779 1289 1872; baseline 0 -20"><span class='ocrx_word' id='word_1_101' title='bbox 124 1789 193 1852; x_wconf 87' lang='lat' dir='ltr'>tam</span> <span class='ocrx_word' id='word_1_102' title='bbox 209 1779 329 1862; x_wconf 84' lang='lat' dir='ltr'>male,</span> <span class='ocrx_word' id='word_1_103' title='bbox 360 1786 404 1852; x_wconf 91' lang='lat' dir='ltr'>ut</span> <span class='ocrx_word' id='word_1_104' title='bbox 420 1779 484 1852; x_wconf 85' lang='lat' dir='ltr'>vix</span> <span class='ocrx_word' id='word_1_105' title='bbox 508 1779 608 1852; x_wconf 90' lang='lat' dir='ltr'>credi</span> <span class='ocrx_word' id='word_1_106' title='bbox 624 1779 756 1872; x_wconf 87' lang='lat' dir='ltr'>possit,</span> <span class='ocrx_word' id='word_1_107' title='bbox 781 1779 1041 1854; x_wconf 85' lang='lat' dir='ltr'>correctionem</span> <span class='ocrx_word' id='word_1_108' title='bbox 1058 1803 1137 1852; x_wconf 87' lang='lat' dir='ltr'>esse</span> <span class='ocrx_word' id='word_1_109' title='bbox 1153 1779 1289 1852; x_wconf 84' lang='lat' dir='ltr'>factam</span> 
     </span>
     <span class='ocr_line' id='line_1_13' title="bbox 122 1896 1289 1993; baseline 0 -23"><span class='ocrx_word' id='word_1_110' title='bbox 122 1898 159 1970; x_wconf 90' lang='lat' dir='ltr'>in</span> <span class='ocrx_word' id='word_1_111' title='bbox 187 1922 229 1970; x_wconf 89' lang='lat' dir='ltr'>eo</span> <span class='ocrx_word' id='word_1_112' title='bbox 260 1897 324 1970; x_wconf 87' lang='lat' dir='ltr'>vel</span> <span class='ocrx_word' id='word_1_113' title='bbox 355 1896 602 1993; x_wconf 86' lang='lat' dir='ltr'>sphalmatum</span> <span class='ocrx_word' id='word_1_114' title='bbox 627 1898 913 1992; x_wconf 84' lang='lat' dir='ltr'>typothetarum.</span> <span class='ocrx_word' id='word_1_115' title='bbox 969 1899 1093 1971; x_wconf 85' lang='lat' dir='ltr'>Multa</span> <span class='ocrx_word' id='word_1_116' title='bbox 1115 1898 1198 1971; x_wconf 90' lang='lat' dir='ltr'>ideo</span> <span class='ocrx_word' id='word_1_117' title='bbox 1226 1899 1289 1970; x_wconf 87' lang='lat' dir='ltr'>de·-</span> 
     </span>
     <span class='ocr_line' id='line_1_14' title="bbox 122 2015 1289 2110; baseline 0 -22"><span class='ocrx_word' id='word_1_118' title='bbox 122 2024 236 2088; x_wconf 85' lang='lat' dir='ltr'>sumta</span> <span class='ocrx_word' id='word_1_119' title='bbox 258 2039 310 2088; x_wconf 88' lang='lat' dir='ltr'>ex</span> <span class='ocrx_word' id='word_1_120' title='bbox 329 2039 372 2088; x_wconf 94' lang='lat' dir='ltr'>eo</span> <span class='ocrx_word' id='word_1_121' title='bbox 389 2039 548 2110; x_wconf 86' lang='lat' dir='ltr'>purgare</span> <span class='ocrx_word' id='word_1_122' title='bbox 575 2016 654 2105; x_wconf 75' lang='lat' dir='ltr'>(nec</span> <span class='ocrx_word' id='word_1_123' title='bbox 679 2016 822 2095; x_wconf 80' lang='lat' dir='ltr'>monui.</span> <span class='ocrx_word' id='word_1_124' title='bbox 844 2015 916 2088; x_wconf 88' lang='lat' dir='ltr'>nisi</span> <span class='ocrx_word' id='word_1_125' title='bbox 939 2041 1010 2088; x_wconf 87' lang='lat' dir='ltr'>vox</span> <span class='ocrx_word' id='word_1_126' title='bbox 1033 2017 1190 2088; x_wconf 89' lang='lat' dir='ltr'>nimium</span> <span class='ocrx_word' id='word_1_127' title='bbox 1208 2016 1289 2088; x_wconf 87' lang='lat' dir='ltr'>fue-</span> 
     </span>
     <span class='ocr_line' id='line_1_15' title="bbox 122 2131 1284 2230; baseline 0.001 -25"><span class='ocrx_word' id='word_1_128' title='bbox 122 2143 173 2205; x_wconf 90' lang='lat' dir='ltr'>rat</span> <span class='ocrx_word' id='word_1_129' title='bbox 190 2135 374 2230; x_wconf 76' lang='lat' dir='ltr'>corrupta)</span> <span class='ocrx_word' id='word_1_130' title='bbox 389 2157 535 2206; x_wconf 87' lang='lat' dir='ltr'>necesse</span> <span class='ocrx_word' id='word_1_131' title='bbox 552 2131 639 2204; x_wconf 86' lang='lat' dir='ltr'>fuit.</span> <span class='ocrx_word' id='word_1_132' title='bbox 684 2133 850 2229; x_wconf 88' lang='lat' dir='ltr'>Dignum</span> <span class='ocrx_word' id='word_1_133' title='bbox 868 2143 965 2206; x_wconf 87' lang='lat' dir='ltr'>certe</span> <span class='ocrx_word' id='word_1_134' title='bbox 983 2145 1038 2206; x_wconf 88' lang='lat' dir='ltr'>est</span> <span class='ocrx_word' id='word_1_135' title='bbox 1055 2136 1124 2208; x_wconf 92' lang='lat' dir='ltr'>hoc</span> <span class='ocrx_word' id='word_1_136' title='bbox 1141 2143 1284 2229; x_wconf 73' lang='lat' dir='ltr'>poema,</span> 
     </span>
     <span class='ocr_line' id='line_1_16' title="bbox 121 2251 1285 2347; baseline 0.001 -23"><span class='ocrx_word' id='word_1_137' title='bbox 121 2255 214 2344; x_wconf 91' lang='lat' dir='ltr'>quod</span> <span class='ocrx_word' id='word_1_138' title='bbox 237 2252 427 2347; x_wconf 89' lang='lat' dir='ltr'>puriorem</span> <span class='ocrx_word' id='word_1_139' title='bbox 455 2259 494 2324; x_wconf 92' lang='lat' dir='ltr'>et</span> <span class='ocrx_word' id='word_1_140' title='bbox 517 2251 788 2347; x_wconf 84' lang='lat' dir='ltr'>diligentiorem</span> <span class='ocrx_word' id='word_1_141' title='bbox 817 2251 1016 2324; x_wconf 89' lang='lat' dir='ltr'>editionem</span> <span class='ocrx_word' id='word_1_142' title='bbox 1041 2253 1285 2325; x_wconf 86' lang='lat' dir='ltr'>nanciscatur.</span> 
     </span>
     <span class='ocr_line' id='line_1_17' title="bbox 122 2369 1284 2466; baseline 0.002 -24"><span class='ocrx_word' id='word_1_143' title='bbox 122 2371 284 2466; x_wconf 86' lang='lat' dir='ltr'>Linguae</span> <span class='ocrx_word' id='word_1_144' title='bbox 323 2369 461 2442; x_wconf 87' lang='lat' dir='ltr'>formae</span> <span class='ocrx_word' id='word_1_145' title='bbox 504 2395 589 2442; x_wconf 91' lang='lat' dir='ltr'>cum</span> <span class='ocrx_word' id='word_1_146' title='bbox 630 2371 752 2442; x_wconf 87' lang='lat' dir='ltr'>adhuc</span> <span class='ocrx_word' id='word_1_147' title='bbox 789 2371 1004 2443; x_wconf 82' lang='lat' dir='ltr'>vetrrstiores</span> <span class='ocrx_word' id='word_1_148' title='bbox 1043 2373 1284 2465; x_wconf 88' lang='lat' dir='ltr'>reperiantur,</span> 
     </span>
    </p>
   </div>
   <div class='ocr_carea' id='block_1_5' title="bbox 16 2488 1288 2584">
    <p class='ocr_par' dir='ltr' id='par_1_6' title="bbox 16 2488 1288 2584">
     <span class='ocr_line' id='line_1_18' title="bbox 16 2488 1288 2584; baseline 0.002 -24"><span class='ocrx_word' id='word_1_149' title='bbox 16 2505 18 2512; x_wconf 86' lang='grc'><strong>’</strong></span> <span class='ocrx_word' id='word_1_150' title='bbox 122 2511 227 2580; x_wconf 84' lang='lat' dir='ltr'>qnam</span> <span class='ocrx_word' id='word_1_151' title='bbox 252 2497 344 2562; x_wconf 91' lang='lat' dir='ltr'>sunt</span> <span class='ocrx_word' id='word_1_152' title='bbox 366 2489 503 2562; x_wconf 89' lang='lat' dir='ltr'>saeculi</span> <span class='ocrx_word' id='word_1_153' title='bbox 526 2489 621 2562; x_wconf 88' lang='lat' dir='ltr'>sexti</span> <span class='ocrx_word' id='word_1_154' title='bbox 646 2488 779 2560; x_wconf 89' lang='lat' dir='ltr'>decimi</span> <span class='ocrx_word' id='word_1_155' title='bbox 801 2488 921 2582; x_wconf 90' lang='lat' dir='ltr'>priore</span> <span class='ocrx_word' id='word_1_156' title='bbox 949 2499 1074 2582; x_wconf 85' lang='lat' dir='ltr'>parte,</span> <span class='ocrx_word' id='word_1_157' title='bbox 1106 2491 1146 2562; x_wconf 91' lang='lat' dir='ltr'>in</span> <span class='ocrx_word' id='word_1_158' title='bbox 1172 2491 1288 2584; x_wconf 88' lang='lat' dir='ltr'>speci-</span> 
     </span>
    </p>
   </div>
   <div class='ocr_carea' id='block_1_6' title="bbox 119 2605 1289 3646">
    <p class='ocr_par' dir='ltr' id='par_1_7' title="bbox 119 2605 1289 3646">
     <span class='ocr_line' id='line_1_19' title="bbox 122 2605 1289 2702; baseline 0.002 -24"><span class='ocrx_word' id='word_1_159' title='bbox 122 2607 276 2680; x_wconf 77' lang='lat' dir='ltr'>minibus</span> <span class='ocrx_word' id='word_1_160' title='bbox 303 2607 399 2680; x_wconf 82' lang='lat' dir='ltr'>datis</span> <span class='ocrx_word' id='word_1_161' title='bbox 425 2609 471 2678; x_wconf 92' lang='lat' dir='ltr'>ab</span> <span class='ocrx_word' id='word_1_162' title='bbox 490 2609 540 2678; x_wconf 89' lang='lat' dir='ltr'>A.</span> <span class='ocrx_word' id='word_1_163' title='bbox 562 2605 709 2678; x_wconf 71' lang='lat' dir='ltr'>Borde*</span> <span class='ocrx_word' id='word_1_164' title='bbox 740 2605 845 2700; x_wconf 89' lang='lat' dir='ltr'>(obiit</span> <span class='ocrx_word' id='word_1_165' title='bbox 867 2631 901 2678; x_wconf 88' lang='lat' dir='ltr'>a.</span> <span class='ocrx_word' id='word_1_166' title='bbox 935 2607 1061 2702; x_wconf 77' lang='lat'>1545),</span> <span class='ocrx_word' id='word_1_167' title='bbox 1090 2606 1289 2700; x_wconf 89' lang='lat' dir='ltr'>inquibus</span> 
     </span>
     <span class='ocr_line' id='line_1_20' title="bbox 119 2723 1289 2819; baseline 0 -23"><span class='ocrx_word' id='word_1_168' title='bbox 119 2723 190 2818; x_wconf 83' lang='lat' dir='ltr'>jam</span> <span class='ocrx_word' id='word_1_169' title='bbox 207 2723 427 2798; x_wconf 84' lang='lat' dir='ltr'>defecerunt</span> <span class='ocrx_word' id='word_1_170' title='bbox 443 2725 661 2819; x_wconf 87' lang='lat' dir='ltr'>pronomina</span> <span class='ocrx_word' id='word_1_171' title='bbox 673 2723 806 2796; x_wconf 85' lang='lat' dir='ltr'>suffixa</span> <span class='ocrx_word' id='word_1_172' title='bbox 819 2733 857 2798; x_wconf 86' lang='lat' dir='ltr'>et</span> <span class='ocrx_word' id='word_1_173' title='bbox 869 2725 1155 2818; x_wconf 83' lang='lat' dir='ltr'>praepositiones</span> <span class='ocrx_word' id='word_1_174' title='bbox 1168 2750 1191 2797; x_wconf 88' lang='lat' dir='ltr'>a</span> <span class='ocrx_word' id='word_1_175' title='bbox 1204 2749 1289 2819; x_wconf 91' lang='lat' dir='ltr'>pro-</span> 
     </span>
     <span class='ocr_line' id='line_1_21' title="bbox 123 2842 1288 2937; baseline 0.002 -25"><span class='ocrx_word' id='word_1_176' title='bbox 123 2843 333 2918; x_wconf 87' lang='lat' dir='ltr'>nominibus</span> <span class='ocrx_word' id='word_1_177' title='bbox 349 2849 537 2937; x_wconf 84' lang='lat' dir='ltr'>separatae</span> <span class='ocrx_word' id='word_1_178' title='bbox 555 2850 654 2923; x_wconf 86' lang='lat' dir='ltr'>sunt,</span> <span class='ocrx_word' id='word_1_179' title='bbox 677 2850 720 2915; x_wconf 88' lang='lat' dir='ltr'>ut</span> <span class='ocrx_word' id='word_1_180' title='bbox 737 2843 779 2915; x_wconf 85' lang='lat' dir='ltr'>dc</span> <span class='ocrx_word' id='word_1_181' title='bbox 795 2847 844 2924; x_wconf 82' lang='lat' dir='ltr'>oi,</span> <span class='ocrx_word' id='word_1_182' title='bbox 866 2843 908 2915; x_wconf 82' lang='lat' dir='ltr'>dc</span> <span class='ocrx_word' id='word_1_183' title='bbox 925 2865 969 2936; x_wconf 71' lang='lat' dir='ltr'>oy</span> <span class='ocrx_word' id='word_1_184' title='bbox 989 2842 1122 2937; x_wconf 86' lang='lat' dir='ltr'>(mihi),</span> <span class='ocrx_word' id='word_1_185' title='bbox 1151 2843 1194 2914; x_wconf 86' lang='lat' dir='ltr'>dc</span> <span class='ocrx_word' id='word_1_186' title='bbox 1210 2843 1288 2937; x_wconf 67' lang='lat' dir='ltr'>wip</span> 
     </span>
     <span class='ocr_line' id='line_1_22' title="bbox 124 2959 1289 3058; baseline 0 -26"><span class='ocrx_word' id='word_1_187' title='bbox 124 2959 254 3057; x_wconf 84' lang='lat' dir='ltr'>(vobis),</span> <span class='ocrx_word' id='word_1_188' title='bbox 271 2985 370 3058; x_wconf 65' lang='lat' dir='ltr'>perta</span> <span class='ocrx_word' id='word_1_189' title='bbox 382 2962 459 3056; x_wconf 75' lang='lat' dir='ltr'>why</span> <span class='ocrx_word' id='word_1_190' title='bbox 479 2960 703 3056; x_wconf 84' lang='lat' dir='ltr'>(vobiscum),</span> <span class='ocrx_word' id='word_1_191' title='bbox 731 2963 821 3034; x_wconf 92' lang='lat' dir='ltr'>dum</span> <span class='ocrx_word' id='word_1_192' title='bbox 844 2961 884 3032; x_wconf 90' lang='lat' dir='ltr'>in</span> <span class='ocrx_word' id='word_1_193' title='bbox 902 2959 1063 3031; x_wconf 87' lang='lat' dir='ltr'>carmine</span> <span class='ocrx_word' id='word_1_194' title='bbox 1086 2961 1289 3032; x_wconf 90' lang='lat' dir='ltr'>communi-</span> 
     </span>
     <span class='ocr_line' id='line_1_23' title="bbox 123 3078 1286 3174; baseline 0 -24"><span class='ocrx_word' id='word_1_195' title='bbox 123 3083 173 3150; x_wconf 88' lang='lat' dir='ltr'>ter</span> <span class='ocrx_word' id='word_1_196' title='bbox 189 3079 337 3150; x_wconf 90' lang='lat' dir='ltr'>obtinet</span> <span class='ocrx_word' id='word_1_197' title='bbox 347 3078 506 3160; x_wconf 74' lang='lat' dir='ltr'>millinio,</span> <span class='ocrx_word' id='word_1_198' title='bbox 524 3087 569 3152; x_wconf 93' lang='lat' dir='ltr'>ut</span> <span class='ocrx_word' id='word_1_199' title='bbox 579 3079 672 3174; x_wconf 63' lang='grc' dir='ltr'><strong>(ἔφη,</strong></span> <span class='ocrx_word' id='word_1_200' title='bbox 692 3079 796 3174; x_wconf 63' lang='lat' dir='ltr'>tigna,</span> <span class='ocrx_word' id='word_1_201' title='bbox 816 3079 952 3174; x_wconf 73' lang='lat' dir='ltr'>theoph,</span> <span class='ocrx_word' id='word_1_202' title='bbox 969 3078 1130 3173; x_wconf 61' lang='lat' dir='ltr'>peccant</span> <span class='ocrx_word' id='word_1_203' title='bbox 1146 3078 1195 3172; x_wconf 76' lang='lat' dir='ltr'>(p.</span> <span class='ocrx_word' id='word_1_204' title='bbox 1215 3079 1286 3152; x_wconf 81' lang='lat'>384</span> 
     </span>
     <span class='ocr_line' id='line_1_24' title="bbox 123 3196 1289 3290; baseline 0 -22"><span class='ocrx_word' id='word_1_205' title='bbox 123 3201 200 3290; x_wconf 85' lang='lat' dir='ltr'>sq.),</span> <span class='ocrx_word' id='word_1_206' title='bbox 222 3196 400 3290; x_wconf 91' lang='lat' dir='ltr'>equidem</span> <span class='ocrx_word' id='word_1_207' title='bbox 411 3221 487 3270; x_wconf 92' lang='lat' dir='ltr'>non</span> <span class='ocrx_word' id='word_1_208' title='bbox 502 3199 680 3280; x_wconf 86' lang='lat' dir='ltr'>adversar,</span> <span class='ocrx_word' id='word_1_209' title='bbox 703 3197 735 3268; x_wconf 89' lang='lat' dir='ltr'>si</span> <span class='ocrx_word' id='word_1_210' title='bbox 752 3196 835 3288; x_wconf 91' lang='lat' dir='ltr'>quis</span> <span class='ocrx_word' id='word_1_211' title='bbox 849 3206 998 3268; x_wconf 88' lang='lat' dir='ltr'>centum</span> <span class='ocrx_word' id='word_1_212' title='bbox 1015 3197 1074 3268; x_wconf 90' lang='lat' dir='ltr'>vel</span> <span class='ocrx_word' id='word_1_213' title='bbox 1091 3197 1202 3268; x_wconf 86' lang='lat' dir='ltr'>etiam</span> <span class='ocrx_word' id='word_1_214' title='bbox 1221 3197 1289 3268; x_wconf 91' lang='lat' dir='ltr'>du-</span> 
     </span>
     <span class='ocr_line' id='line_1_25' title="bbox 122 3314 1288 3410; baseline 0 -24"><span class='ocrx_word' id='word_1_215' title='bbox 122 3323 239 3388; x_wconf 83' lang='lat' dir='ltr'>centos</span> <span class='ocrx_word' id='word_1_216' title='bbox 257 3339 376 3388; x_wconf 91' lang='lat' dir='ltr'>annos</span> <span class='ocrx_word' id='word_1_217' title='bbox 394 3321 480 3392; x_wconf 83' lang='lat' dir='ltr'>ante</span> <span class='ocrx_word' id='word_1_218' title='bbox 498 3314 537 3386; x_wconf 93' lang='lat' dir='ltr'>id</span> <span class='ocrx_word' id='word_1_219' title='bbox 555 3321 720 3408; x_wconf 81' lang='lat' dir='ltr'>tempus,</span> <span class='ocrx_word' id='word_1_220' title='bbox 748 3315 788 3386; x_wconf 90' lang='lat' dir='ltr'>in</span> <span class='ocrx_word' id='word_1_221' title='bbox 807 3315 993 3388; x_wconf 89' lang='lat' dir='ltr'>saeculum</span> <span class='ocrx_word' id='word_1_222' title='bbox 1012 3337 1098 3410; x_wconf 89' lang='lat' dir='ltr'>ergo</span> <span class='ocrx_word' id='word_1_223' title='bbox 1116 3323 1288 3407; x_wconf 88' lang='lat' dir='ltr'>quartum</span> 
     </span>
     <span class='ocr_line' id='line_1_26' title="bbox 122 3431 1288 3528; baseline 0 -26"><span class='ocrx_word' id='word_1_224' title='bbox 122 3431 314 3516; x_wconf 86' lang='lat' dir='ltr'>decimum,</span> <span class='ocrx_word' id='word_1_225' title='bbox 336 3432 507 3506; x_wconf 88' lang='lat' dir='ltr'>carminis</span> <span class='ocrx_word' id='word_1_226' title='bbox 525 3432 825 3527; x_wconf 89' lang='lat' dir='ltr'>compositionem</span> <span class='ocrx_word' id='word_1_227' title='bbox 841 3442 1007 3528; x_wconf 85' lang='lat' dir='ltr'>reponat.</span> <span class='ocrx_word' id='word_1_228' title='bbox 1048 3435 1102 3504; x_wconf 93' lang='lat' dir='ltr'>Ut</span> <span class='ocrx_word' id='word_1_229' title='bbox 1115 3433 1154 3504; x_wconf 91' lang='lat' dir='ltr'>in</span> <span class='ocrx_word' id='word_1_230' title='bbox 1168 3435 1288 3505; x_wconf 87' lang='lat' dir='ltr'>Voca-</span> 
     </span>
     <span class='ocr_line' id='line_1_27' title="bbox 122 3549 1289 3646; baseline 0.002 -28"><span class='ocrx_word' id='word_1_231' title='bbox 122 3549 258 3624; x_wconf 82' lang='lat' dir='ltr'>bulario</span> <span class='ocrx_word' id='word_1_232' title='bbox 281 3552 324 3622; x_wconf 94' lang='lat' dir='ltr'>in</span> <span class='ocrx_word' id='word_1_233' title='bbox 346 3553 418 3624; x_wconf 87' lang='lat' dir='ltr'>hoa</span> <span class='ocrx_word' id='word_1_234' title='bbox 435 3550 596 3624; x_wconf 88' lang='lat' dir='ltr'>carmine</span> <span class='ocrx_word' id='word_1_235' title='bbox 619 3549 731 3625; x_wconf 87' lang='lat' dir='ltr'>etiam</span> <span class='ocrx_word' id='word_1_236' title='bbox 748 3551 924 3646; x_wconf 90' lang='lat' dir='ltr'>leguntur</span> <span class='ocrx_word' id='word_1_237' title='bbox 947 3553 1093 3646; x_wconf 87' lang='lat' dir='ltr'>anglica</span> <span class='ocrx_word' id='word_1_238' title='bbox 1110 3550 1289 3624; x_wconf 85' lang='lat' dir='ltr'>vocabula</span> 
     </span>
    </p>
   </div>
   <div class='ocr_carea' id='block_1_7' title="bbox 122 3666 1289 3884">
    <p class='ocr_par' dir='ltr' id='par_1_8' title="bbox 122 3666 1289 3884">
     <span class='ocr_line' id='line_1_28' title="bbox 122 3666 1285 3765; baseline -0.005 -22"><span class='ocrx_word' id='word_1_239' title='bbox 122 3675 357 3742; x_wconf 83' lang='lat' dir='ltr'>transsumta:</span> <span class='ocrx_word' id='word_1_240' title='bbox 379 3671 482 3765; x_wconf 72' lang='lat' dir='ltr'>redye</span> <span class='ocrx_word' id='word_1_241' title='bbox 501 3669 645 3764; x_wconf 88' lang='lat' dir='ltr'>(legere,</span> <span class='ocrx_word' id='word_1_242' title='bbox 668 3669 708 3740; x_wconf 92' lang='lat' dir='ltr'>in</span> <span class='ocrx_word' id='word_1_243' title='bbox 722 3669 863 3742; x_wconf 88' lang='lat' dir='ltr'>Vocab.</span> <span class='ocrx_word' id='word_1_244' title='bbox 886 3671 1013 3754; x_wconf 85' lang='lat' dir='ltr'>redicr,</span> <span class='ocrx_word' id='word_1_245' title='bbox 1035 3670 1161 3751; x_wconf 87' lang='lat' dir='ltr'>lector,</span> <span class='ocrx_word' id='word_1_246' title='bbox 1185 3666 1285 3762; x_wconf 89' lang='lat' dir='ltr'>angl.</span> 
     </span>
     <span class='ocr_line' id='line_1_29' title="bbox 123 3785 1289 3884; baseline 0 -28"><span class='ocrx_word' id='word_1_247' title='bbox 123 3795 152 3856; x_wconf 85' lang='lat' dir='ltr'>to</span> <span class='ocrx_word' id='word_1_248' title='bbox 168 3789 263 3884; x_wconf 75' lang='lat' dir='ltr'>read)</span> <span class='ocrx_word' id='word_1_249' title='bbox 282 3785 354 3880; x_wconf 62' lang='lat' dir='ltr'>sq„</span> <span class='ocrx_word' id='word_1_250' title='bbox 376 3798 509 3884; x_wconf 76' lang='lat' dir='ltr'>strcrye</span> <span class='ocrx_word' id='word_1_251' title='bbox 529 3786 719 3883; x_wconf 81' lang='lat' dir='ltr'>(altercari,</span> <span class='ocrx_word' id='word_1_252' title='bbox 744 3788 785 3860; x_wconf 93' lang='lat' dir='ltr'>in</span> <span class='ocrx_word' id='word_1_253' title='bbox 804 3789 944 3860; x_wconf 91' lang='lat' dir='ltr'>Vocab.</span> <span class='ocrx_word' id='word_1_254' title='bbox 966 3786 1108 3884; x_wconf 65' lang='lat' dir='ltr'>suffer,</span> <span class='ocrx_word' id='word_1_255' title='bbox 1137 3793 1289 3876; x_wconf 66' lang='lat' dir='ltr'>contens</span> 
     </span>
    </p>
   </div>
   <div class='ocr_carea' id='block_1_8' title="bbox 129 3988 329 4000">
    <p class='ocr_par' dir='ltr' id='par_1_9' title="bbox 129 3988 329 4000">
     <span class='ocr_line' id='line_1_30' title="bbox 129 3988 329 4000; baseline 0.01 -2"><span class='ocrx_word' id='word_1_256' title='bbox 129 3988 329 4000; x_wconf 39' lang='grc' dir='ltr'>*ᾕρου-</span> 
     </span>
    </p>
   </div>
   <div class='ocr_carea' id='block_1_9' title="bbox 125 4101 1293 4515">
    <p class='ocr_par' dir='ltr' id='par_1_10' title="bbox 125 4101 1293 4515">
     <span class='ocr_line' id='line_1_31' title="bbox 185 4101 1291 4176; baseline -0.005 -16"><span class='ocrx_word' id='word_1_257' title='bbox 185 4107 197 4132; x_wconf 80' lang='grc'><em>“</em></span> <span class='ocrx_word' id='word_1_258' title='bbox 217 4107 250 4160; x_wconf 92' lang='lat' dir='ltr'>ln</span> <span class='ocrx_word' id='word_1_259' title='bbox 271 4107 342 4161; x_wconf 90' lang='lat' dir='ltr'>libro</span> <span class='ocrx_word' id='word_1_260' title='bbox 361 4105 490 4176; x_wconf 86' lang='lat' dir='ltr'>inscripto</span> <span class='ocrx_word' id='word_1_261' title='bbox 512 4101 728 4159; x_wconf 85' lang='lat' dir='ltr'>“Introduction</span> <span class='ocrx_word' id='word_1_262' title='bbox 746 4113 776 4159; x_wconf 90' lang='lat' dir='ltr'>to</span> <span class='ocrx_word' id='word_1_263' title='bbox 801 4103 994 4176; x_wconf 83' lang='lat' dir='ltr'>knowledge’&#39;,</span> <span class='ocrx_word' id='word_1_264' title='bbox 1030 4123 1044 4158; x_wconf 88' lang='lat' dir='ltr'>a</span> <span class='ocrx_word' id='word_1_265' title='bbox 1064 4123 1118 4176; x_wconf 90' lang='lat' dir='ltr'>quo</span> <span class='ocrx_word' id='word_1_266' title='bbox 1143 4103 1291 4158; x_wconf 74' lang='lat' dir='ltr'>etiterum</span> 
     </span>
     <span class='ocr_line' id='line_1_32' title="bbox 125 4186 1292 4262; baseline -0.003 -21"><span class='ocrx_word' id='word_1_267' title='bbox 125 4187 189 4256; x_wconf 68' lang='lat' dir='ltr'>opis</span> <span class='ocrx_word' id='word_1_268' title='bbox 213 4191 346 4260; x_wconf 82' lang='lat' dir='ltr'>impressa</span> <span class='ocrx_word' id='word_1_269' title='bbox 363 4191 426 4261; x_wconf 83' lang='lat' dir='ltr'>logo</span> <span class='ocrx_word' id='word_1_270' title='bbox 451 4191 478 4244; x_wconf 89' lang='lat' dir='ltr'>in</span> <span class='ocrx_word' id='word_1_271' title='bbox 503 4189 594 4243; x_wconf 85' lang='lat' dir='ltr'>libello</span> <span class='ocrx_word' id='word_1_272' title='bbox 615 4191 762 4262; x_wconf 81' lang='lat' dir='ltr'>inscripto:</span> <span class='ocrx_word' id='word_1_273' title='bbox 787 4188 969 4262; x_wconf 83' lang='lat' dir='ltr'>&#39;‘Specimens</span> <span class='ocrx_word' id='word_1_274' title='bbox 994 4191 1025 4243; x_wconf 82' lang='lat' dir='ltr'>of</span> <span class='ocrx_word' id='word_1_275' title='bbox 1046 4189 1161 4243; x_wconf 82' lang='lat' dir='ltr'>Cornish</span> <span class='ocrx_word' id='word_1_276' title='bbox 1184 4186 1292 4258; x_wconf 78' lang='lat' dir='ltr'>provin-</span> 
     </span>
     <span class='ocr_line' id='line_1_33' title="bbox 126 4270 1293 4346; baseline -0.004 -20"><span class='ocrx_word' id='word_1_277' title='bbox 126 4271 172 4326; x_wconf 70' lang='lat' dir='ltr'>ciel</span> <span class='ocrx_word' id='word_1_278' title='bbox 194 4275 308 4340; x_wconf 74' lang='lat' dir='ltr'>dialect,</span> <span class='ocrx_word' id='word_1_279' title='bbox 336 4275 468 4330; x_wconf 86' lang='lat' dir='ltr'>collected</span> <span class='ocrx_word' id='word_1_280' title='bbox 491 4275 546 4330; x_wconf 82' lang='lat' dir='ltr'>and</span> <span class='ocrx_word' id='word_1_281' title='bbox 564 4277 696 4346; x_wconf 82' lang='lat' dir='ltr'>arranged</span> <span class='ocrx_word' id='word_1_282' title='bbox 719 4277 756 4346; x_wconf 83' lang='lat' dir='ltr'>by</span> <span class='ocrx_word' id='word_1_283' title='bbox 780 4276 866 4330; x_wconf 91' lang='lat' dir='ltr'>Uncle</span> <span class='ocrx_word' id='word_1_284' title='bbox 890 4275 942 4328; x_wconf 82' lang='lat' dir='ltr'>Jan</span> <span class='ocrx_word' id='word_1_285' title='bbox 966 4271 1201 4336; x_wconf 88' lang='lat' dir='ltr'>Treenoodlc‚</span> <span class='ocrx_word' id='word_1_286' title='bbox 1228 4270 1293 4322; x_wconf 84' lang='lat' dir='ltr'>with</span> 
     </span>
     <span class='ocr_line' id='line_1_34' title="bbox 126 4354 1293 4432; baseline -0.001 -24"><span class='ocrx_word' id='word_1_287' title='bbox 126 4373 193 4411; x_wconf 80' lang='lat' dir='ltr'>some</span> <span class='ocrx_word' id='word_1_288' title='bbox 210 4360 399 4428; x_wconf 85' lang='lat' dir='ltr'>introductory</span> <span class='ocrx_word' id='word_1_289' title='bbox 418 4360 550 4425; x_wconf 81' lang='lat' dir='ltr'>remarks,</span> <span class='ocrx_word' id='word_1_290' title='bbox 574 4361 628 4413; x_wconf 87' lang='lat' dir='ltr'>and</span> <span class='ocrx_word' id='word_1_291' title='bbox 640 4379 655 4414; x_wconf 92' lang='lat' dir='ltr'>a</span> <span class='ocrx_word' id='word_1_292' title='bbox 669 4361 806 4432; x_wconf 59' lang='lat' dir='ltr'>glossam,</span> <span class='ocrx_word' id='word_1_293' title='bbox 829 4361 865 4429; x_wconf 88' lang='lat' dir='ltr'>by</span> <span class='ocrx_word' id='word_1_294' title='bbox 879 4376 913 4411; x_wconf 87' lang='lat' dir='ltr'>an</span> <span class='ocrx_word' id='word_1_295' title='bbox 929 4357 1099 4429; x_wconf 85' lang='lat' dir='ltr'>antiquarian</span> <span class='ocrx_word' id='word_1_296' title='bbox 1112 4357 1215 4418; x_wconf 82' lang='lat' dir='ltr'>friend,</span> <span class='ocrx_word' id='word_1_297' title='bbox 1236 4354 1293 4408; x_wconf 86' lang='lat' dir='ltr'>also</span> 
     </span>
     <span class='ocr_line' id='line_1_35' title="bbox 127 4433 1292 4515; baseline 0.001 -25"><span class='ocrx_word' id='word_1_298' title='bbox 127 4442 269 4498; x_wconf 78' lang='lat' dir='ltr'>arelection</span> <span class='ocrx_word' id='word_1_299' title='bbox 280 4445 311 4498; x_wconf 82' lang='lat' dir='ltr'>of</span> <span class='ocrx_word' id='word_1_300' title='bbox 320 4461 404 4512; x_wconf 87' lang='lat' dir='ltr'>songs</span> <span class='ocrx_word' id='word_1_301' title='bbox 416 4443 469 4496; x_wconf 88' lang='lat' dir='ltr'>and</span> <span class='ocrx_word' id='word_1_302' title='bbox 483 4445 561 4497; x_wconf 88' lang='lat' dir='ltr'>other</span> <span class='ocrx_word' id='word_1_303' title='bbox 573 4445 661 4515; x_wconf 90' lang='lat' dir='ltr'>pieces</span> <span class='ocrx_word' id='word_1_304' title='bbox 675 4445 823 4500; x_wconf 85' lang='lat' dir='ltr'>connected</span> <span class='ocrx_word' id='word_1_305' title='bbox 836 4443 901 4496; x_wconf 84' lang='lat' dir='ltr'>with</span> <span class='ocrx_word' id='word_1_306' title='bbox 910 4441 1052 4495; x_wconf 84' lang='lat' dir='ltr'>Cornwall.</span> <span class='ocrx_word' id='word_1_307' title='bbox 1073 4441 1188 4493; x_wconf 88' lang='lat' dir='ltr'>London</span> <span class='ocrx_word' id='word_1_308' title='bbox 1201 4433 1292 4501; x_wconf 71' lang='lat' dir='ltr'>lSld&#39;,</span> 
     </span>
    </p>
   </div>
   <div class='ocr_carea' id='block_1_10' title="bbox 128 4530 249 4600">
    <p class='ocr_par' dir='ltr' id='par_1_11' title="bbox 128 4530 249 4600">
     <span class='ocr_line' id='line_1_36' title="bbox 128 4530 249 4600; baseline 0.033 -22"><span class='ocrx_word' id='word_1_309' title='bbox 128 4539 152 4591; x_wconf 86' lang='lat' dir='ltr'>p.</span> <span class='ocrx_word' id='word_1_310' title='bbox 166 4530 196 4580; x_wconf 76' lang='lat' dir='ltr'>Sl</span> <span class='ocrx_word' id='word_1_311' title='bbox 208 4547 249 4600; x_wconf 81' lang='lat' dir='ltr'>sq.</span> 
     </span>
    </p>
   </div>
   <div class='ocr_carea' id='block_1_11' title="bbox 0 0 1606 5084">
    <p class='ocr_par' dir='ltr' id='par_1_12' title="bbox 0 0 1606 5084">
     <span class='ocr_line' id='line_1_37' title="bbox 0 0 1606 5084; baseline 0 0"><span class='ocrx_word' id='word_1_312' title='bbox 0 0 1606 5084; x_wconf 95' lang='lat' dir='ltr'> </span> 
     </span>
    </p>
   </div>
  </div>
 </body>
</html>
