3218 5068
268 373 334 434 ΙΙΙ.
355 376 384 434 2.
416 389 518 435 vener
535 383 1227 434 es1muuroracr1v1sausouaemusam.
1279 363 1340 426 507

140 520 142 528 Ι
176 548 250 603 243.
272 563 315 625 ny
338 539 497 622 waelwys.
524 585 530 599 .
552 584 559 599 .
583 559 648 621 yny
669 536 816 620 wypwyf
831 535 973 620 aallwyf
989 538 1069 616 (non
1090 532 1223 609 faciam,
1243 533 1343 595 donec

177 646 277 710 sciam
292 666 334 707 an
347 643 481 727 possim)
500 649 529 718 1,
548 647 621 704 253.

263 755 293 812 2.
310 770 393 833 pers.
412 748 517 812 WYT
531 745 626 810 hodie
647 754 749 808 cumr
765 745 962 828 pronominis
978 743 1126 826 tiprocul
1141 742 1248 806 dubio.
1280 741 1344 804 Ve-

177 865 263 919 tusta
284 851 464 917 terminatio
479 851 527 914 01
543 873 617 913 cum
639 849 730 933 signo
752 850 853 932 futuri
873 849 1015 913 obtinere
1036 848 1163 912 videtur
1183 848 1219 910 in
1239 847 1344 930 glossa

177 957 354 1022 Osoniensi
369 956 482 1020 daeboi
496 956 553 1039 (gl.
573 954 781 1017 excutiendus
797 954 867 1030 erit,
882 953 988 1038 pulvis
997 978 1006 1030 3
1025 953 1047 1015 i.
1061 975 1090 1016 e.
1108 952 1262 1033 excuties)
1277 955 1340 1026 39¹,

176 1065 215 1126 de
231 1083 294 1144 qua
309 1059 424 1124 videsis
439 1059 474 1122 in
489 1057 685 1141 Appendice.

262 1167 303 1228 In
325 1165 431 1227 codice
452 1165 548 1226 rubro
570 1163 739 1225 accedente
761 1161 799 1225 ch
816 1161 893 1226 alias
909 1162 1071 1246 incognita
1086 1162 1121 1225 in
1137 1162 1195 1224 hae
1211 1181 1345 1242 persona

176 1274 214 1334 fit
229 1268 410 1333 terminatio
425 1269 522 1330 YCH
535 1267 673 1347 (inv'ersa
688 1277 720 1329 et
734 1277 858 1330 mutata
870 1268 961 1352 sacy,
980 1268 1031 1352 -fy
1040 1268 1088 1349 ?):
1107 1287 1145 1329 oe
1159 1286 1234 1349 yma
1249 1286 1287 1326 ae
1298 1285 1344 1350 yn

177 1399 198 1460 y
216 1376 256 1438 lle
270 1397 291 1460 y
306 1371 443 1458 myayclr
458 1375 529 1454 (aut
543 1371 596 1433 hio
611 1372 717 1434 autin
731 1371 800 1434 loeo
815 1373 872 1434 ubi
885 1373 985 1452 voles)
1005 1379 1033 1446 1,
1050 1377 1122 1431 285.
1141 1389 1280 1454 cymery
1296 1366 1344 1429 ni·

178 1501 231 1542 ver
246 1501 266 1541 α
281 1477 425 1562 oyaayclt
437 1485 496 1560 qyt
510 1475 580 1539 atti
593 1475 764 1560 amwyhaf
772 1476 910 1560 aqerych
924 1497 973 1538 om
979 1473 1156 1560 sydlonion
1168 1475 1271 1554 (sume
1284 1493 1344 1532 nu·

178 1604 302 1670 merum
317 1601 413 1664 quem
427 1581 474 1643 vis
489 1590 595 1643 tecum
610 1589 642 1642 et
657 1601 736 1662 quos
752 1579 890 1643 maxime
905 1601 991 1643 amas
1006 1601 1024 1642 e
1038 1578 1185 1641 fidelibus
1199 1577 1293 1658 meis)
1311 1582 1341 1652 2,

181 1695 233 1750 30.
265 1685 385 1748 Addita
404 1683 560 1767 particula
574 1685 737 1768 praeteriti
750 1687 789 1748 fit
802 1685 947 1748 futurum
962 1693 1127 1748 exactum:
1153 1682 1211 1768 ayt
1223 1703 1345 1766 rywne-

180 1790 253 1877 lyoh
268 1790 305 1854 ‹a'
319 1789 476 1872 (quamvis
491 1789 601 1852 feceris
617 1793 667 1873 tu)
685 1796 715 1866 3,
735 1796 807 1852 304.

265 1893 442 1958 Corniee
459 1915 517 1976 pro
532 1895 648 1958 cambr.
667 1895 757 1979 noys
765 1915 832 1958 esse
848 1895 973 1958 videtur
987 1893 1168 1978 terminatio
1183 1892 1283 1956 OFF:
1302 1913 1345 1976 ny

178 2000 268 2084 allos
277 1999 356 2078 (non
371 2019 517 2081 possum3
536 1999 576 2060 of.
591 2001 676 2062 verb.
692 2001 792 2062 subst.
807 1999 863 2084 off
869 2031 912 2052 =
927 2001 1043 2062 cambr.
1061 2001 1149 2084 uryf)
1163 2001 1253 2061 Pass.
1272 2003 1342 2072 156,

180 2113 210 2166 4.
244 2103 417 2167 Peculiaris
432 2113 481 2166 est
497 2109 526 2166 3.
544 2125 626 2187 pers.
645 2103 728 2186 sing.
748 2105 927 2168 terminatio
942 2106 1057 2168 YTH:
1076 2107 1119 2167 do
1132 2105 1227 2188 pober
1242 2102 1296 2186 eff
1303 2123 1346 2164 αα

136 2209 146 2224 ”
176 2209 291 2294 qcoytlt
307 2210 436 2290 (bonam
451 2209 739 2272 remunerationem
753 2209 899 2292 accipiet)
917 2211 956 2272 P.
975 2217 1027 2286 44,
1045 2217 1075 2272 4.
1094 2231 1165 2293 moy
1180 2231 1229 2292 wy
1245 2231 1265 2270 α
1278 2207 1344 2290 qlo-

179 2313 264 2398 wyth
280 2314 367 2395 (plus
389 2333 445 2376 vos
467 2311 621 2386 audietis;
646 2312 741 2374 flexio
761 2312 906 2396 impers.)
926 2320 997 2390 132,
1016 2321 1047 2375 4.
1071 2333 1121 2396 acy
1143 2333 1195 2374 am
1212 2309 1345 2394 weleytt

180 2421 249 2501 (vos
263 2439 315 2480 me
330 2417 491 2496 videbitis)
509 2423 561 2492 93,
579 2423 610 2478 4.
1107 2409 1109 2421 ’

264 2521 476 2583 Armorica
501 2521 612 2603 lingua
638 2519 894 2584 terminationem
909 2521 977 2597 IM,
996 2522 1051 2597 IF,
1070 2519 1164 2582 hodie
1185 2518 1249 2594 -in,
1268 2517 1345 2580 -inn

180 2626 235 2706 (cf.
254 2645 349 2707 supra
363 2624 399 2686 in
413 2635 578 2706 praesente
592 2645 625 2707 p.
643 2629 731 2706 498),
749 2625 784 2688 in
799 2645 895 2688 usum
908 2625 1009 2688 futuri
1025 2624 1129 2687 vertit.
1153 2623 1346 2686 Dominatur

181 2727 297 2792 vocalis
310 2727 430 2791 ietiam
441 2750 497 2811 per
508 2739 627 2791 ceteras
638 2749 800 2811 personae,
815 2730 955 2814 exceptis
969 2737 998 2792 3.
1014 2730 1096 2812 sing.
1112 2751 1154 2805 -ο,
1169 2739 1200 2791 et
1214 2733 1243 2789 2.
1258 2727 1342 2810 plur.

181 2842 236 2910 -ot,
252 2855 332 2917 quae
347 2855 365 2896 e
380 2833 541 2916 primitivo
556 2843 682 2896 vetusto
696 2834 804 2898 futuro
819 2835 963 2898 residuae
977 2834 1083 2918 putari
1095 2843 1230 2918 possunt
1241 2832 1346 2896 soluta

181 2939 198 3002 d
213 2939 263 3001 vel
269 2939 302 3022 f
310 2959 385 3000 cum
399 2937 499 3000 vocali
515 2959 573 3000 sua
587 2937 621 3000 in
636 2939 777 3002 vocalem
792 2962 819 3002 o.
845 2941 887 3002 In
901 2939 1036 3003 recentis
1049 2939 1178 3020 linguae
1189 2957 1344 3020 gramma-

181 3043 251 3106 ticis
267 3043 326 3106 hae
340 3043 459 3105 formae
475 3041 643 3104 sistuntur.
673 3043 764 3126 Sing.
785 3051 813 3106 1.
832 3045 954 3108 Ιαιαὲαα
970 3045 1122 3125 (canam),
1142 3047 1172 3104 2.
1191 3041 1271 3105 kuni
1281 3043 1345 3115 (ca-

181 3151 265 3230 nes),
290 3155 319 3210 3.
338 3148 422 3210 kaao
440 3149 572 3228 (canet).
606 3147 696 3210 Plur.
718 3155 746 3210 1.
764 3149 895 3231 kanr'mp
911 3151 1100 3230 (canemus),
1121 3154 1150 3210 2.
1169 3148 1266 3211 kanot
1281 3149 1345 3226 (ce-
1443 3183 1444 3186 =

180 3251 289 3334 netis),
317 3259 347 3314 3.
365 3250 480 3314 leonini
502 3253 656 3332 (canent).
689 3253 873 3316 Inserviunt
894 3255 955 3317 hae
970 3255 1098 3316 eaedem
1113 3273 1186 3316 cum
1200 3261 1282 3334 part.
1305 3269 1345 3314 ra

180 3357 220 3420 ad
236 3357 482 3440 significandum
493 3355 732 3438 conjunctivum
744 3358 798 3438 (of.
813 3357 936 3422 hibern.
952 3359 1113 3442 conjunct.
1130 3379 1163 3440 p.
1178 3360 1267 3438 416).
1286 3354 1342 3438 Sg.

183 3471 211 3524 1.
229 3483 268 3524 ra
281 3461 405 3546 qoniam
417 3463 568 3543 (canam),
588 3466 618 3522 2.
636 3481 675 3523 ra
687 3462 769 3544 pani
781 3465 915 3546 (canas),
935 3471 965 3526 3.
983 3485 1022 3526 ra
1035 3485 1118 3548 qaae
1131 3464 1264 3545 (canat).
1290 3459 1342 3522 Pl.

183 3575 211 3630 1.
235 3589 274 3630 ra
287 3566 419 3651 panimp
435 3569 626 3648 (canamus),
651 3571 681 3628 2.
698 3587 738 3629 ra
753 3577 852 3650 qoaot
866 3568 1026 3650 (canatis),
1052 3575 1082 3630 3.
1100 3565 1267 3650 repatriat
1281 3566 1344 3646 (ca-

179 3675 284 3753 nant).
317 3673 369 3736 Ita
384 3671 470 3753 apud
485 3670 665 3752 Lagonidec
681 3673 727 3754 (p.
748 3679 819 3734 109.
841 3678 926 3756 110).
952 3675 1049 3756 Apud
1063 3672 1241 3735 Dumoulin
1254 3672 1345 3752 (Pra-

178 3797 236 3858 gae
255 3782 353 3852 1800,
371 3798 404 3858 p.
426 3779 500 3858 106)
523 3775 600 3838 haee
620 3797 749 3840 norma:
775 3779 831 3861 Sg.
852 3786 881 3840 1.
906 3801 946 3842 ro
965 3778 1062 3862 ydria
1085 3779 1228 3858 (amem),
1253 3779 1283 3835 2.
1305 3794 1346 3835 ro

176 3881 253 3962 pari
272 3883 397 3960 (ames),
424 3887 453 3941 3.
471 3901 511 3941 ra
528 3901 608 3963 paro
630 3883 753 3963 (amet).
785 3883 837 3945 Pl.
859 3890 887 3944 1.
909 3904 949 3944 ra
967 3881 1095 3964 porimp
1111 3879 1292 3959 (amemus),
1313 3882 1343 3937 2.

180 4005 219 4046 ra
232 3985 342 4067 por-set
356 3984 508 4066 (ametis),
529 3991 558 4046 3.
576 4005 616 4047 ro
628 3985 740 4068 pariat
754 3987 900 4068 (ament).
929 3985 1080 4048 Notanda
1095 3983 1146 4045 hio
1161 3983 1262 4046 forma
1276 4003 1344 4045 car-

171 4087 228 4170 fet
250 4075 481 4152 terminationis
504 4090 567 4173 fet
581 4109 654 4150 oum
660 4090 694 4172 f
701 4089 802 4152 futuri
817 4090 954 4165 residua,
972 4109 1053 4172 quae
1068 4109 1164 4172 supra
1179 4097 1227 4150 est
1242 4085 1346 4149 soluta

179 4189 214 4252 in
230 4199 284 4254 -ot.

266 4295 374 4358 Tertia
387 4319 521 4380 persona
536 4263 569 4361 iri
585 4299 615 4362 Ο
631 4298 757 4382 saepius
772 4298 865 4362 obvia
879 4298 913 4360 in
926 4298 1030 4360 lauhs
1050 4299 1107 4362 doe
1121 4319 1142 4362 α
1157 4297 1237 4360 miro
1253 4297 1345 4377 (deus

180 4401 330 4482 servabit)
348 4407 378 4480 6,
395 4405 447 4463 25.
466 4401 520 4485 eff
526 4425 547 4466 α
559 4403 652 4487 quoio
668 4403 749 4487 (ipsc
764 4403 897 4483 videbit)
917 4408 988 4481 192,
1009 4411 1059 4466 14.
1085 4403 1206 4467 Eadem
1220 4401 1255 4466 in
1270 4423 1344 4464 cou-
