3232 5074
352 427 401 489 ΙΙ.
426 433 456 487 4.
503 445 604 490 enon.
622 446 712 491 nme.
730 447 922 491 nnnsousnn
938 447 1097 492 isumus.
1246 429 1307 491 379

235 603 263 658 1.
296 595 482 658 Pronum.
506 615 610 678 pers.
636 594 815 658 infixum
841 601 868 656 1.
886 616 989 678 pers.
1019 595 1110 680 Sing.
1135 599 1252 660 eambr.
1271 600 1307 662 M

148 703 227 782 <non
241 699 398 774 inficiens,
416 722 449 784 p.
469 703 562 782 203):
585 715 627 785 ny
643 701 766 766 wnaetd
780 723 802 784 y
814 721 885 782 ρων
897 701 1065 785 pmdanafi
1086 704 1233 765 ovawred
1252 703 1309 788 ley-

147 805 245 868 meins
258 827 311 868 am
327 805 489 869 karedaru
501 807 580 886 (non
593 805 673 868 tenti
684 827 735 867 me
746 805 822 867 feeit
832 804 891 880 vir,
906 815 944 866 ut
954 827 1005 868 me
1017 817 1158 890 euperet3
1177 809 1309 890 a-m-k.)

149 911 236 972 Mab.
257 917 286 986 1,
308 917 357 972 10.
375 909 436 992 pei
452 931 526 974 nam
545 908 737 994 popanewed
758 909 804 974 mi
817 931 837 972 a
852 909 985 994 qyekwn
1001 909 1041 990 (si
1056 931 1122 976 non
1136 933 1188 976 me
1203 915 1309 976 turba·

98 1003 103 1010 ¹
147 1013 233 1090 retis,
251 1035 309 1096 ego
324 1015 506 1097 dormirem)
529 1022 557 1091 1,
577 1021 607 1077 2.

116 1121 120 1128 ’
230 1121 413 1203 Ampliatur
432 1141 607 1202 pronomen
627 1121 772 1183 addendo
793 1131 865 1205 post
881 1121 1013 1183 verbum
1027 1121 1223 1203 pronominis
1238 1145 1308 1206 per·

146 1223 263 1288 sonalis
284 1224 384 1288 forms
405 1235 461 1287 eut
481 1223 624 1308 simplice
645 1234 702 1288 eut
721 1225 915 1308 emphatice:
940 1225 1055 1311 athydt
1067 1225 1219 1309 amqwely
1234 1225 1249 1286 ι’
1263 1229 1311 1305 (et

147 1339 183 1391 tu
197 1327 318 1392 videbis
332 1331 398 1411 me)
415 1329 503 1392 Msb.
522 1337 550 1406 1,
568 1336 618 1391 14.
635 1351 679 1393 un
694 1329 863 1394 odenewalt
878 1329 961 1394 edwi
973 1351 1025 1394 am
1039 1331 1168 1415 lymero
1183 1329 1197 1392 ι’
1210 1333 1310 1412 (unus

146 1455 163 1496 e
179 1432 266 1496 vobis
281 1455 333 1495 me
348 1437 467 1515 sumet)
481 1440 510 1509 1,
527 1439 577 1496 21.
595 1434 637 1518 ef
645 1433 913 1519 amkymleellawd
924 1434 939 1497 i
951 1432 1009 1520 hys
1020 1455 1096 1520 yma
1110 1435 1192 1519 (ipse
1207 1434 1310 1517 coegit

147 1559 198 1600 me
213 1559 314 1620 usque
329 1538 405 1620 huc)
423 1543 453 1614 2,
470 1545 521 1600 24.
539 1560 592 1602 em
606 1541 699 1602 aduw
713 1561 818 1624 ynneu
831 1561 893 1625 yno
909 1541 955 1620 (et
969 1539 1071 1604 sinere
1085 1561 1136 1604 me
1151 1540 1211 1616 ibi3
1230 1559 1309 1601 α-ηι-

148 1643 252 1718 adaw,
270 1665 291 1704 a
306 1654 348 1719 et,
365 1645 458 1706 adaw
473 1644 588 1725 sinere)
607 1651 636 1720 1,
658 1651 707 1706 10.

233 1748 329 1811 Οοιιι.
348 1759 461 1810 ermor.
480 1749 527 1810 M.
549 1749 664 1812 Com:
688 1750 798 1834 Pedyr
818 1757 847 1812 te
862 1768 914 1810 am
928 1747 1013 1831 naqh
1030 1749 1182 1834 tspywetk
1198 1751 1309 1831 (Petne

148 1863 185 1916 tu
199 1874 250 1915 me
260 1853 391 1936 negabis
404 1863 466 1927 ter;
480 1857 611 1935 a-m-n.)
624 1855 714 1916 Pass.
730 1861 782 1930 49,
799 1860 829 1916 3.
847 1875 896 1937 wy
909 1873 960 1914 am
972 1853 1108 1938 wyleyth
1120 1857 1189 1936 (vos
1201 1877 1253 1916 me
1263 1853 1309 1916 vi-

147 1958 243 2040 detis)
257 1963 309 2033 93,
325 1965 356 2019 4.
378 1959 523 2020 Αιιιιοι.ι
540 1977 593 2019 ma
605 1958 658 2020 ael
664 1980 748 2041 quen
759 1978 812 2020 am
824 1959 934 2041 quslen
946 1959 1093 2042 (angelus
1104 1981 1194 2022 meus
1206 1961 1309 2021 bonus

146 2061 297 2139 instituit,
309 2061 446 2146 impellit
456 2083 507 2124 me
515 2086 524 2136 ;
539 2065 689 2145 ann-qu.)
702 2062 788 2125 Buh.
802 2069 852 2140 18,
867 2071 895 2126 1.
913 2063 1026 2126 diaeul
1034 2085 1104 2127 ram
1117 2067 1216 2147 doupo
1229 2063 1309 2143 (dia-

146 2167 238 2230 bolus
261 2188 312 2229 me
333 2168 437 2250 tollet)
454 2173 505 2243 88,
526 2174 556 2228 5.
580 2187 652 2230 nm
663 2167 795 2250 poelene
809 2171 889 2249 (non
903 2175 954 2254 uie
969 2168 1214 2251 interrogabat),
1238 2169 1310 2231 nem

143 2271 236 2355 puolo
257 2273 318 2336 dm
340 2275 419 2354 (non
440 2271 560 2335 videbit
578 2292 630 2334 me
651 2271 779 2354 uliquis)
798 2278 848 2348 12,
868 2279 919 2334 21.
939 2279 991 2349 44,
1010 2280 1040 2334 6.
1072 2272 1226 2335 Dativus:
1252 2293 1309 2334 au·

148 2383 253 2442 trena
272 2385 352 2460 pant
368 2377 445 2460 puir
457 2378 518 2462 soz
540 2393 593 2440 am
615 2377 686 2438 bezo
701 2375 836 2456 (domini
856 2397 947 2439 verae
962 2377 1037 2439 fidei
1051 2388 1146 2440 erunt
1159 2375 1250 2452 mihi,
1269 2377 1309 2438 ad

146 2481 256 2564 epulus
272 2503 357 2544 meas
373 2481 513 2563 invitati)
528 2487 579 2558 34,
596 2485 626 2542 8.
645 2481 702 2544 doe
713 2481 790 2564 quir
803 2503 878 2544 roen
894 2490 963 2545 tren
978 2503 1048 2546 ram
1056 2483 1204 2563 perdono
1217 2483 1308 2561 (deus

146 2607 239 2650 verus
257 2607 314 2648 rex
329 2586 515 2650 thronorum
530 2585 672 2668 ignoscet
686 2585 792 2666 mihi),
803 2585 906 2670 pidis
922 2607 996 2649 roen
1013 2595 1082 2649 uon
1098 2587 1173 2649 dam
1188 2587 1308 2666 pardo-

146 2691 215 2774 naf
223 2693 311 2772 (peto
325 2711 431 2773 regem
447 2691 632 2754 thronomm
647 2701 684 2752 ut
698 2689 778 2752 mihi
794 2690 950 2773 ignoscat)
966 2697 1018 2767 44,
1033 2698 1063 2753 4.
1082 2695 1152 2766 142,
1168 2695 1220 2752 26.
1237 2709 1309 2753 nere

148 2795 219 2858 bezo
235 2798 315 2875 (non
337 2795 397 2857 erit
410 2795 503 2877 mihi)
521 2803 572 2872 50,
591 2803 621 2858 9.
643 2801 714 2872 132,
734 2802 764 2856 4.
789 2817 860 2858 nem
876 2797 929 2857 boe
943 2803 1016 2878 quet
1029 2795 1109 2874 (non
1124 2805 1200 2857 sunt
1214 2793 1309 2874 mihi)

150 2905 222 2976 158,
242 2907 272 2962 9.
306 2899 341 2962 Si
362 2902 450 2964 deest
469 2901 625 2984 particula
645 2899 790 2976 verbalis,
808 2900 858 2962 vel
879 2899 1067 2962 terminatur
1087 2921 1237 2975 consona,
1254 2900 1309 2960 ob·

149 3004 229 3067 tinet
243 3004 343 3067 forme
358 3007 440 3067 MA:
466 3027 519 3068 ma
540 3005 603 3068 mir
618 3007 720 3086 (serve
732 3007 800 3086 me)
819 3007 868 3080 16,
890 3011 939 3065 14.
959 3011 1010 3080 96,
1031 3011 1081 3068 17.
1107 3025 1149 3067 an
1168 3023 1308 3086 anequen

147 3129 182 3171 oz
197 3130 249 3172 ma
264 3109 380 3192 benaff
391 3109 529 3192 (inquies
544 3110 651 3173 turbet
664 3112 729 3189 me)
748 3116 819 3184 198,
842 3115 891 3170 17.

232 3215 323 3278 ΡΙιιι.
341 3216 458 3276 cembr.
475 3215 508 3278 N
524 3217 603 3295 (non
618 3213 774 3290 inficiens,
789 3235 823 3296 p.
840 3216 931 3296 203):
949 3235 1075 3298 mpnwn
1092 3214 1150 3276 leb
1163 3237 1183 3297 y
1197 3211 1308 3296 945444-

145 3295 202 3384 eo'n
217 3342 314 3404 mpnn
328 3341 350 3404 y
362 3340 432 3402 ρων
446 3341 489 3382 an
501 3319 648 3403 pwnaeth
664 3319 836 3400 (volumus,
854 3319 1001 3381 dicebant
1014 3317 1116 3402 pueri,
1133 3339 1189 3400 per
1203 3316 1309 3379 virum

145 3423 201 3506 qui
216 3423 333 3486 creavit
347 3427 420 3505 nes)
436 3425 523 3486 Meb.
545 3430 573 3500 1,
594 3431 645 3486 35.
667 3445 743 3509 myn
762 3447 783 3509 y
804 3444 874 3506 ρων
889 3423 1075 3506 αηριοιιαείΙι
1089 3421 1127 3488 m'
1139 3443 1212 3507 ary
1229 3421 1308 3485 delto

145 3526 229 3592 herm
245 3528 307 3610 (vir
321 3528 376 3612 qui
391 3549 449 3592 nos
464 3527 611 3592 formavit
624 3529 659 3591 in
673 3528 757 3592 hane
771 3529 921 3612 figuram)
938 3531 968 3603 2,
988 3531 1060 3589 242.

197 3661 200 3666 ·
230 3635 327 3697 Com.
345 3655 458 3696 annor.
476 3634 520 3697 N.
546 3634 679 3697 Coi-nice
695 3655 768 3696 cum
782 3633 937 3716 particula
952 3631 1072 3695 verbuli
1087 3653 1108 3694 a
1123 3641 1308 3714 exspectan-

144 3739 222 3801 dum
232 3749 314 3802 esset
326 3761 379 3814 an,
394 3739 449 3801 sed
461 3737 583 3801 obtinet
593 3737 722 3802 nonnisi
733 3737 860 3822 plenius
871 3737 997 3800 AGAN
1006 3757 1013 3797 :
1028 3736 1086 3799 ned
1097 3757 1181 3818 apen
1186 3757 1308 3816 pernas

145 3841 214 3925 (qui
234 3865 293 3906 nos
313 3843 460 3924 redemit)
476 3843 564 3906 Pass.
585 3849 614 3918 5,
630 3850 661 3903 4.
686 3843 812 3904 Armor.
829 3863 851 3904 n
866 3861 940 3904 cum
954 3841 1161 3924 praeeedente
1176 3861 1211 3900 o.-
1233 3859 1308 3900 roen

141 3948 270 4031 quirion
291 3970 326 4011 so
347 3949 423 4011 duel
443 3948 505 4011 don
525 3949 672 4030 pardony
696 3949 765 4028 (rex
780 3946 888 4028 justus
911 3939 998 4008 venit
1019 3944 1059 4005 ad
1078 3941 1308 4024 ignoscendum

144 4049 250 4130 nobis)
266 4051 352 4112 Buh.
372 4057 423 4127 64,
444 4059 495 4112 17.
519 4073 582 4113 non
598 4051 669 4112 bezo
684 4051 745 4112 den
760 4053 839 4130 (non
854 4048 914 4110 erit
927 4046 1019 4110 nobis
1035 4046 1142 4125 homo)
1163 4051 1233 4120 188,
1255 4049 1304 4104 13.

146 4152 235 4214 Alias
258 4163 290 4215 et
310 4153 363 4216 hic
378 4154 504 4237 plenius
520 4153 602 4217 leon.-
617 4175 666 4235 pa
680 4153 741 4217 don
754 4153 870 4236 ponzen
884 4151 956 4213 euel
967 4149 1028 4213 len
1044 4157 1206 4232 quemmet
1220 4151 1308 4228 (eum

145 4277 204 4316 nos
218 4255 300 4336 petit
315 4257 360 4319 ita
370 4257 490 4339 jussos)
509 4265 580 4333 140,
597 4264 627 4318 5.
648 4257 710 4320 hon
724 4258 830 4320 sieour
845 4254 949 4336 (nobis
965 4273 1111 4317 succurre
1121 4253 1146 4337 l)
1165 4258 1235 4328 128,
1253 4257 1303 4312 12.

144 4357 189 4422 ha
203 4356 265 4421 ton
280 4359 381 4422 eredit
395 4363 441 4440 (et
455 4361 571 4425 credite
587 4363 693 4443 nobis)
711 4367 784 4438 188,
804 4367 854 4422 13.

233 4467 263 4524 2,
295 4465 413 4526 Pron.
431 4487 535 4547 pers.
552 4466 733 4530 infixum
753 4472 782 4530 2.
800 4483 904 4547 pers.
937 4463 1028 4546 Sing.
1047 4462 1164 4524 cambi.
1182 4462 1211 4524 Τ
1228 4461 1307 4543 (ΤΗ
