3232 5074
356 374 404 436 ΙΙ.
424 379 453 434 4.
500 393 601 438 raon.
619 393 709 438 unrr.
728 393 920 440 rnnwnnnn
934 392 1117 438 surrrxuu.
1255 377 1318 440 383

155 542 201 604 E:
227 541 268 625 ef
283 562 321 602 oe
343 540 498 626 dprpotw
517 539 563 604 cll
579 561 620 626 pr
642 541 735 604 lluwr
750 543 872 625 (omnes
893 559 945 606 eos
967 541 1137 625 prostravit
1149 541 1185 606 in
1200 543 1317 625 solum)

157 646 245 710 Mab.
266 653 295 721 1,
315 650 388 706 290.
420 645 462 708 S:
486 645 716 730 okedlusdecko
732 647 806 728 (etsi
826 647 971 712 didicerit
985 669 1049 725 cas,
1067 649 1175 729 artes),
1194 649 1317 734 opuedy

155 751 347 832 aadanqoeeo
363 753 409 832 (et
422 760 590 834 postquam
605 751 827 814 monstraverit
840 755 890 833 ea)
907 753 985 835 Leg.
1004 759 1032 815 1.
1048 759 1100 815 43.
1118 758 1175 826 11,
1197 759 1246 815 16.
1264 759 1314 814 11.

156 856 283 939 dynyon
297 877 358 918 nac
372 855 480 920 aanor
493 877 552 939 ope
565 855 678 938 pweler'
691 855 849 937 (homines
864 879 922 920 nec
937 857 1098 933 animalia,
1112 878 1178 920 non
1191 856 1318 920 videbat

155 961 206 1040 ea)
223 960 310 1024 Mab.
332 966 368 1036 1,
389 965 461 1022 250.
478 959 710 1048 ·Ampliaturn:
737 959 833 1024 diheu
856 963 916 1024 oed
933 983 998 1045 pan
1017 985 1039 1046 y
1060 963 1150 1046 niser
1170 963 1320 1044 ocpwelei

155 1073 241 1149 wynt
261 1065 346 1149 uelly
369 1068 570 1148 (persuasum
591 1075 659 1126 eret
678 1063 810 1146 agmini,
828 1067 913 1148 quod
934 1088 987 1130 eos
1009 1065 1129 1130 videret
1150 1067 1209 1148 ita)
1225 1069 1312 1130 Mab.

156 1176 184 1244 1,
204 1175 255 1232 24.

238 1273 370 1337 Cornice
394 1273 416 1336 S
439 1274 535 1356 hujus
556 1275 682 1337 numeri
700 1286 748 1338 est
763 1275 892 1358 signum
906 1275 1060 1340 infixum:
1085 1297 1134 1338 me
1149 1277 1315 1342 aedereoos

153 1383 226 1464 (ego
247 1401 299 1442 eos
322 1378 492 1462 publicavi,
511 1401 669 1444 sermones
685 1401 789 1455 meos;
807 1379 866 1462 o's)
884 1383 973 1446 Pass-
994 1389 1044 1458 79,
1064 1387 1094 1443 3.
1119 1403 1167 1444 me
1182 1405 1218 1445 oa
1230 1403 1315 1465 puro
1380 1415 1383 1424 .

153 1487 226 1565 (ego
241 1505 292 1546 eos
307 1483 432 1559 faciam,
450 1484 568 1566 clavos)
587 1491 658 1561 158,
679 1492 708 1546 3.
727 1507 769 1548 aa
784 1485 857 1548 leeth
871 1507 907 1552 re
920 1509 957 1548 oa
972 1487 1084 1550 olewos
1101 1486 1199 1566 (idem
1213 1506 1314 1568 popu·

153 1589 203 1652 lus
224 1588 279 1669 qui
299 1587 431 1664 audivit,
448 1588 534 1670 leges
553 1592 653 1672 meas)
670 1596 722 1666 80,
742 1598 771 1654 3.
795 1613 856 1674 rap
872 1592 922 1655 tlte
933 1613 1064 1674 perense
1082 1589 1191 1655 01111111
1209 1611 1246 1652 oc
1259 1611 1313 1672 po-

153 1691 243 1776 thecy
265 1695 352 1774 (prae
374 1714 478 1758 amore
500 1693 548 1756 tui
569 1693 714 1758 Christus
737 1718 789 1759 eos
812 1697 933 1772 suffert,
957 1697 1092 1778 dolores)
1112 1702 1183 1770 139,
1203 1701 1233 1756 3.
1259 1693 1313 1776 thy

152 1797 322 1880 dpocyplpa
343 1820 364 1881 y
386 1797 508 1881 trylyoc
528 1821 566 1882 pc
583 1800 674 1883 cosas
690 1801 723 1864 ol
734 1823 780 1864 ow
796 1801 886 1864 coelae
901 1803 956 1878 (ed
970 1801 1142 1884 discipulos
1157 1821 1231 1862 suos
1246 1820 1313 1860 ver·
1342 1869 1345 1874 ¹

150 1922 205 1964 sus
220 1922 273 1964 eos
288 1901 411 1966 invenit
426 1924 534 1966 omues
546 1903 753 1980 dormientes3
770 1905 831 1990 y’s')
846 1913 896 1981 55,
913 1911 943 1968 3.
959 1929 997 1990 ys
1007 1904 1129 1990 pureph
1141 1927 1213 1988 repa
1225 1902 1313 1985 (lecit

149 2027 202 2068 eos
226 2005 324 2082 albos,
341 2007 451 2088 pedes)
473 2014 525 2083 45,
544 2015 575 2070 4.
601 2030 660 2092 ray
675 2029 744 2090 pur
762 2029 892 2094 perenne
912 2011 949 2094 po
969 2011 1101 2094 potheay
1122 2011 1211 2093 (prae
1232 2029 1312 2090 puro

149 2131 254 2173 amore
270 2132 322 2173 eos
338 2111 457 2188 suffert,
476 2112 612 2194 dolores)
630 2118 702 2190 227,
722 2121 753 2176 4.

234 2215 358 2278 Armor.
384 2217 424 2280 Ο.
457 2217 698 2300 Exspectandae
719 2219 837 2282 formae
851 2240 899 2296 ro,
917 2221 968 2296 do,
985 2241 1025 2282 ao
1041 2221 1171 2300 (ro-o·,
1190 2218 1309 2291 da·o-,

149 2319 256 2402 rai-o),
274 2343 409 2402 quarum
430 2333 536 2386 tamen
558 2345 624 2386 non
646 2323 738 2386 obvia
760 2325 905 2407 exempla
925 2324 959 2388 in
974 2325 1060 2386 Buh.
1092 2319 1207 2386 Forma
1221 2322 1309 2384 abso-

148 2425 217 2488 luta
239 2425 415 2490 ooalescens
436 2425 513 2490 item
534 2449 608 2490 cum
628 2429 815 2511 pronomine
843 2451 945 2512 pers:
977 2428 1016 2490 Ιιο
1034 2427 1151 2510 poeatlo
1174 2427 1309 2507 (foveam

149 2550 213 2604 eos,
231 2533 388 2612 aegrotos)
404 2532 489 2594 Buh.
509 2537 581 2608 204,
603 2541 652 2595 11.
670 2554 719 2598 me
734 2534 773 2597 ho
781 2533 901 2616 prestio
920 2581 926 2596 .
944 2581 952 2595 .
970 2579 977 2596 .
994 2555 1044 2596 mo
1056 2532 1194 2615 poeetloe
1208 2533 1309 2615 (prae-

148 2633 228 2708 stiti,
246 2635 418 2716 spospondi
432 2657 480 2711 ea,
499 2647 599 2713 scuta,
617 2641 774 2721 monetas)
793 2644 864 2714 158,
886 2643 935 2700 12.
957 2645 1007 2700 14.

409 2871 476 2934 ΙΙΙ.
522 2871 716 2938 Pronomina
728 2875 907 2958 personalia
921 2874 1047 2937 suffixa.

235 3061 312 3122 Post
327 3058 584 3143 praepositiones,
602 3072 639 3125 ut
654 3061 689 3124 in
703 3061 867 3125 hibernica
876 3063 1003 3146 inguar.
1033 3061 1307 3126 Terminationum

148 3164 397 3250 suffigendamm
418 3164 582 3230 diversitas
603 3166 638 3230 in
658 3167 725 3232 sola
745 3167 837 3232 tertia
851 3189 985 3251 persona
1000 3166 1125 3230 numeri
1139 3164 1308 3248 singularis

146 3269 269 3334 obtinet
283 3290 340 3351 pro
355 3269 535 3336 diversitate
549 3271 685 3352 generis.

232 3374 487 3458 Praepositiones
502 3377 656 3456 quaedam
671 3377 843 3442 cambricae
858 3377 1046 3460 pronomina
1060 3387 1132 3460 post
1144 3397 1177 3438 se
1188 3375 1307 3440 habent
1419 3399 1422 3404 ’

146 3479 305 3546 absoluta:
323 3502 344 3564 p
359 3479 406 3544 mi
420 3479 531 3560 (mihi3
552 3479 659 3544 sinon
674 3481 790 3546 rectius
805 3493 853 3546 est
866 3503 919 3566 ym
935 3481 957 3558 i,
975 3503 1032 3546 cur
1047 3483 1134 3544 enim
1147 3501 1212 3544 non
1226 3503 1247 3564 y
1262 3480 1304 3555 ei,

143 3583 257 3670 yfir),
275 3583 352 3661 omi,
370 3607 391 3647 o
411 3584 490 3648 mici
503 3587 666 3667 (mecum),
684 3583 756 3648 athi
768 3587 913 3668 (tecum),
928 3588 1034 3671 praedi
1051 3587 1129 3652 mo'oa'
1142 3590 1228 3670 (post
1242 3589 1307 3668 me)

145 3689 233 3754 Meb.
251 3689 294 3771 fq.
329 3691 419 3759 Quae
442 3701 549 3754 eutem
571 3689 728 3772 suffigunt
746 3692 935 3773 pronomina
954 3693 1122 3776 praecipue
1137 3691 1197 3756 hae
1212 3701 1304 3754 sunt:

142 3815 164 3876 y
186 3795 244 3874 (=
264 3793 388 3858 hibern.
412 3797 470 3872 do,
487 3797 554 3876 ed),
577 3795 654 3874 o(a‚
672 3798 742 3876 ex),
767 3817 807 3858 or
829 3798 970 3880 (super),
991 3819 1032 3880 pr
1053 3798 1154 3879 (per),
1173 3817 1237 3872 um,
1253 3817 1307 3879 pm

144 3897 302 3978 (circum),
319 3921 364 3982 po
379 3901 402 3980 (‘
428 3904 454 3981 ),
479 3909 513 3964 at
535 3900 614 3981 (ad),
633 3899 714 3964 wrtlt
730 3902 855 3982 (apud),
873 3923 930 3966 rac
950 3903 1094 3984 (coram),
1109 3921 1174 3983 pon
1190 3902 1302 3980 (cum),

142 4000 200 4064 leb
216 4001 323 4082 (sine),
343 4011 423 4086 trop
439 4005 521 4085 (per)
537 4015 598 4066 etc.
631 4003 781 4086 Propriae
803 4004 938 4068 dialecto
957 4004 1130 4068 cambricae
1146 4013 1224 4066 sunt
1236 4002 1307 4064 lite-

142 4125 194 4166 rae
210 4106 349 4186 adeoque
365 4108 504 4189 syllabae
517 4109 683 4190 quaedam,
701 4129 729 4172 e.
746 4130 795 4190 gr.
814 4130 875 4183 -o·,
893 4108 993 4183 -lroo,
1012 4109 1072 4183 -d-‚
1090 4108 1194 4180 -aud·,
1213 4108 1305 4170 -doo

143 4217 225 4282 etc,
249 4207 447 4274 intromissae
472 4211 554 4276 inter
580 4212 829 4295 praepositiones
851 4211 973 4293 aliquas
993 4223 1025 4274 et
1044 4231 1219 4294 pronomen
1241 4213 1305 4275 suf-

141 4312 254 4372 fixum.

227 4417 380 4482 Cornicae
402 4420 650 4502 praepositiones
678 4421 862 4504 suffigentes
881 4421 1108 4504 frequentiores
1131 4424 1301 4505 quaedam:
