<?xml version="1.0" encoding="UTF-8"?>
<!DOCTYPE html PUBLIC "-//W3C//DTD XHTML 1.0 Transitional//EN"
    "http://www.w3.org/TR/xhtml1/DTD/xhtml1-transitional.dtd">
<html xmlns="http://www.w3.org/1999/xhtml" xml:lang="en" lang="en">
 <head>
  <title>
</title>
<meta http-equiv="Content-Type" content="text/html;charset=utf-8" />
  <meta name='ocr-system' content='tesseract 3.04.00' />
  <meta name='ocr-capabilities' content='ocr_page ocr_carea ocr_par ocr_line ocrx_word'/>
</head>
<body>
  <div class='ocr_page' id='page_1' title='image "./grammaticacelti02zeusgoog_0043.png"; bbox 0 0 3204 5084; ppageno 0'>
   <div class='ocr_carea' id='block_1_1' title="bbox 640 409 1331 468">
    <p class='ocr_par' dir='ltr' id='par_1_1' title="bbox 640 409 1331 468">
     <span class='ocr_line' id='line_1_1' title="bbox 640 409 1331 468; baseline -0.003 0"><span class='ocrx_word' id='word_1_1' title='bbox 640 423 837 468; x_wconf 72' lang='lat' dir='ltr'><strong>rnsmsrro.</strong></span> <span class='ocrx_word' id='word_1_2' title='bbox 1181 409 1331 466; x_wconf 82' lang='lat' dir='ltr'>XXXVII</span> 
     </span>
    </p>
   </div>
   <div class='ocr_carea' id='block_1_2' title="bbox 155 577 1330 910">
    <p class='ocr_par' dir='ltr' id='par_1_2' title="bbox 155 577 1330 910">
     <span class='ocr_line' id='line_1_2' title="bbox 155 577 1330 672; baseline -0.003 -22"><span class='ocrx_word' id='word_1_3' title='bbox 155 586 194 650; x_wconf 91' lang='lat' dir='ltr'><strong>et</strong></span> <span class='ocrx_word' id='word_1_4' title='bbox 220 579 338 650; x_wconf 80' lang='lat' dir='ltr'><strong>codex</strong></span> <span class='ocrx_word' id='word_1_5' title='bbox 355 577 789 672; x_wconf 81' lang='lat' dir='ltr'><strong>claustroneoburgensis</strong></span> <span class='ocrx_word' id='word_1_6' title='bbox 808 577 1028 648; x_wconf 89' lang='lat' dir='ltr'><strong>conveniens</strong></span> <span class='ocrx_word' id='word_1_7' title='bbox 1052 577 1249 670; x_wconf 85' lang='lat' dir='ltr'><strong>scriptione</strong></span> <span class='ocrx_word' id='word_1_8' title='bbox 1268 601 1330 648; x_wconf 92' lang='lat' dir='ltr'><strong>vo-</strong></span> 
     </span>
     <span class='ocr_line' id='line_1_3' title="bbox 156 694 1323 792; baseline -0.003 -24"><span class='ocrx_word' id='word_1_9' title='bbox 156 721 242 768; x_wconf 90' lang='lat' dir='ltr'><strong>cum</strong></span> <span class='ocrx_word' id='word_1_10' title='bbox 268 697 385 792; x_wconf 68' lang='lat' dir='ltr'><strong>roltp,</strong></span> <span class='ocrx_word' id='word_1_11' title='bbox 414 696 607 792; x_wconf 72' lang='lat' dir='ltr'><strong>portland,</strong></span> <span class='ocrx_word' id='word_1_12' title='bbox 637 699 689 778; x_wconf 80' lang='lat' dir='ltr'><strong>ri,</strong></span> <span class='ocrx_word' id='word_1_13' title='bbox 726 697 802 768; x_wconf 82' lang='lat' dir='ltr'><strong>to&#39;ia</strong></span> <span class='ocrx_word' id='word_1_14' title='bbox 821 695 1051 788; x_wconf 88' lang='lat' dir='ltr'><strong>aliarumque</strong></span> <span class='ocrx_word' id='word_1_15' title='bbox 1078 694 1137 790; x_wconf 77' lang='lat' dir='ltr'><strong>(ef.</strong></span> <span class='ocrx_word' id='word_1_16' title='bbox 1169 721 1205 789; x_wconf 91' lang='lat' dir='ltr'><strong>p.</strong></span> <span class='ocrx_word' id='word_1_17' title='bbox 1236 696 1323 767; x_wconf 75' lang='lat'>934.</span> 
     </span>
     <span class='ocr_line' id='line_1_4' title="bbox 156 814 380 910; baseline -0.013 -22"><span class='ocrx_word' id='word_1_18' title='bbox 156 816 245 898; x_wconf 78' lang='grc'>944,</span> <span class='ocrx_word' id='word_1_19' title='bbox 268 814 380 910; x_wconf 81' lang='lat' dir='ltr'><strong>not).</strong></span> 
     </span>
    </p>
   </div>
   <div class='ocr_carea' id='block_1_3' title="bbox 370 1081 1073 1159">
    <p class='ocr_par' dir='ltr' id='par_1_3' title="bbox 370 1081 1073 1159">
     <span class='ocr_line' id='line_1_5' title="bbox 370 1081 1073 1159; baseline 0 -2"><span class='ocrx_word' id='word_1_20' title='bbox 370 1081 375 1090; x_wconf 80' lang='grc'><em>’</em></span> <span class='ocrx_word' id='word_1_21' title='bbox 406 1085 663 1159; x_wconf 86' lang='lat' dir='ltr'>CODICES</span> <span class='ocrx_word' id='word_1_22' title='bbox 690 1087 1073 1159; x_wconf 83' lang='lat' dir='ltr'><strong>BRITANNIGI.</strong></span> 
     </span>
    </p>
   </div>
   <div class='ocr_carea' id='block_1_4' title="bbox 150 1288 1325 1978">
    <p class='ocr_par' dir='ltr' id='par_1_4' title="bbox 150 1288 1325 1978">
     <span class='ocr_line' id='line_1_6' title="bbox 257 1288 1325 1382; baseline 0 -22"><span class='ocrx_word' id='word_1_23' title='bbox 257 1291 417 1362; x_wconf 82' lang='lat' dir='ltr'><strong>Exstant</strong></span> <span class='ocrx_word' id='word_1_24' title='bbox 441 1289 615 1361; x_wconf 89' lang='lat' dir='ltr'><strong>cambrioi</strong></span> <span class='ocrx_word' id='word_1_25' title='bbox 638 1291 790 1381; x_wconf 90' lang='lat' dir='ltr'><strong>quidam</strong></span> <span class='ocrx_word' id='word_1_26' title='bbox 813 1289 985 1382; x_wconf 83' lang='lat' dir='ltr'><strong>aequales</strong></span> <span class='ocrx_word' id='word_1_27' title='bbox 1009 1288 1207 1360; x_wconf 79' lang='lat' dir='ltr'><strong>hibernicis</strong></span> <span class='ocrx_word' id='word_1_28' title='bbox 1226 1289 1325 1360; x_wconf 90' lang='lat' dir='ltr'><strong>codi-</strong></span> 
     </span>
     <span class='ocr_line' id='line_1_7' title="bbox 153 1405 1325 1500; baseline -0.002 -20"><span class='ocrx_word' id='word_1_29' title='bbox 153 1409 256 1481; x_wconf 85' lang='lat' dir='ltr'><strong>cibus</strong></span> <span class='ocrx_word' id='word_1_30' title='bbox 281 1409 506 1480; x_wconf 83' lang='lat' dir='ltr'><strong>enumeratis</strong></span> <span class='ocrx_word' id='word_1_31' title='bbox 525 1417 600 1480; x_wconf 88' lang='lat' dir='ltr'><strong>tam</strong></span> <span class='ocrx_word' id='word_1_32' title='bbox 618 1415 737 1479; x_wconf 88' lang='lat' dir='ltr'><strong>aetate</strong></span> <span class='ocrx_word' id='word_1_33' title='bbox 756 1429 868 1500; x_wconf 88' lang='lat' dir='ltr'><strong>quam</strong></span> <span class='ocrx_word' id='word_1_34' title='bbox 886 1406 1085 1488; x_wconf 80' lang='lat' dir='ltr'><strong>contentis,</strong></span> <span class='ocrx_word' id='word_1_35' title='bbox 1111 1405 1238 1500; x_wconf 83' lang='lat' dir='ltr'><strong>glossis</strong></span> <span class='ocrx_word' id='word_1_36' title='bbox 1256 1408 1325 1478; x_wconf 89' lang='lat' dir='ltr'><strong>sci-</strong></span> 
     </span>
     <span class='ocr_line' id='line_1_8' title="bbox 152 1525 1324 1609; baseline -0.002 -10"><span class='ocrx_word' id='word_1_37' title='bbox 152 1527 239 1600; x_wconf 89' lang='lat' dir='ltr'><strong>licet</strong></span> <span class='ocrx_word' id='word_1_38' title='bbox 263 1526 399 1598; x_wconf 89' lang='lat' dir='ltr'><strong>additis</strong></span> <span class='ocrx_word' id='word_1_39' title='bbox 424 1528 471 1598; x_wconf 86' lang='lat' dir='ltr'><strong>ad</strong></span> <span class='ocrx_word' id='word_1_40' title='bbox 497 1535 620 1600; x_wconf 85' lang='lat' dir='ltr'><strong>textus</strong></span> <span class='ocrx_word' id='word_1_41' title='bbox 642 1526 879 1608; x_wconf 88' lang='lat' dir='ltr'><strong>vetustiores,</strong></span> <span class='ocrx_word' id='word_1_42' title='bbox 910 1525 1044 1596; x_wconf 87' lang='lat' dir='ltr'><strong>servati</strong></span> <span class='ocrx_word' id='word_1_43' title='bbox 1061 1525 1247 1609; x_wconf 69' lang='lat' dir='ltr'><strong>oxonia,</strong></span> <span class='ocrx_word' id='word_1_44' title='bbox 1277 1528 1324 1597; x_wconf 94' lang='lat' dir='ltr'><strong>ob</strong></span> 
     </span>
     <span class='ocr_line' id='line_1_9' title="bbox 151 1643 1320 1740; baseline 0.001 -24"><span class='ocrx_word' id='word_1_45' title='bbox 151 1669 242 1738; x_wconf 88' lang='lat' dir='ltr'><strong>quos</strong></span> <span class='ocrx_word' id='word_1_46' title='bbox 260 1645 459 1740; x_wconf 85' lang='lat' dir='ltr'><strong>praecipue</strong></span> <span class='ocrx_word' id='word_1_47' title='bbox 476 1645 587 1716; x_wconf 89' lang='lat' dir='ltr'><strong>etiam</strong></span> <span class='ocrx_word' id='word_1_48' title='bbox 601 1643 832 1716; x_wconf 81' lang='lat' dir='ltr'><strong>Britanniam</strong></span> <span class='ocrx_word' id='word_1_49' title='bbox 845 1643 945 1715; x_wconf 89' lang='lat' dir='ltr'><strong>adire</strong></span> <span class='ocrx_word' id='word_1_50' title='bbox 958 1643 1202 1715; x_wconf 86' lang='lat' dir='ltr'><strong>necessarium</strong></span> <span class='ocrx_word' id='word_1_51' title='bbox 1216 1645 1320 1717; x_wconf 87' lang='lat' dir='ltr'><strong>duxi.</strong></span> 
     </span>
     <span class='ocr_line' id='line_1_10' title="bbox 151 1761 1325 1857; baseline 0.001 -23"><span class='ocrx_word' id='word_1_52' title='bbox 151 1765 349 1834; x_wconf 84' lang='lat' dir='ltr'><strong>Accedunt</strong></span> <span class='ocrx_word' id='word_1_53' title='bbox 372 1763 430 1834; x_wconf 89' lang='lat' dir='ltr'><strong>his</strong></span> <span class='ocrx_word' id='word_1_54' title='bbox 453 1763 526 1834; x_wconf 89' lang='lat' dir='ltr'><strong>alia</strong></span> <span class='ocrx_word' id='word_1_55' title='bbox 543 1771 782 1834; x_wconf 87' lang='lat' dir='ltr'><strong>monumenta</strong></span> <span class='ocrx_word' id='word_1_56' title='bbox 807 1771 972 1835; x_wconf 88' lang='lat' dir='ltr'><strong>vetustae</strong></span> <span class='ocrx_word' id='word_1_57' title='bbox 995 1761 1144 1857; x_wconf 87' lang='lat' dir='ltr'><strong>linguae</strong></span> <span class='ocrx_word' id='word_1_58' title='bbox 1168 1764 1325 1836; x_wconf 83' lang='lat' dir='ltr'><strong>cambri-</strong></span> 
     </span>
     <span class='ocr_line' id='line_1_11' title="bbox 150 1877 1319 1978; baseline 0.002 -26"><span class='ocrx_word' id='word_1_59' title='bbox 150 1905 213 1952; x_wconf 90' lang='lat' dir='ltr'><strong>cae</strong></span> <span class='ocrx_word' id='word_1_60' title='bbox 231 1881 395 1963; x_wconf 87' lang='lat' dir='ltr'><strong>inventa,</strong></span> <span class='ocrx_word' id='word_1_61' title='bbox 419 1881 518 1953; x_wconf 92' lang='lat' dir='ltr'><strong>utin</strong></span> <span class='ocrx_word' id='word_1_62' title='bbox 536 1882 660 1953; x_wconf 89' lang='lat' dir='ltr'><strong>codice</strong></span> <span class='ocrx_word' id='word_1_63' title='bbox 675 1877 925 1953; x_wconf 84' lang='lat' dir='ltr'><strong>Lichfeldensi</strong></span> <span class='ocrx_word' id='word_1_64' title='bbox 940 1889 978 1953; x_wconf 91' lang='lat' dir='ltr'><strong>et</strong></span> <span class='ocrx_word' id='word_1_65' title='bbox 986 1881 1319 1978; x_wconf 84' lang='lat' dir='ltr'><strong>Luxemburgensi‚</strong></span> 
     </span>
    </p>
   </div>
   <div class='ocr_carea' id='block_1_5' title="bbox 143 1998 1324 4582">
    <p class='ocr_par' dir='ltr' id='par_1_5' title="bbox 143 1998 1324 4582">
     <span class='ocr_line' id='line_1_12' title="bbox 150 1998 1324 2096; baseline 0.002 -26"><span class='ocrx_word' id='word_1_66' title='bbox 150 2009 187 2071; x_wconf 88' lang='lat' dir='ltr'><strong>et</strong></span> <span class='ocrx_word' id='word_1_67' title='bbox 205 1999 287 2096; x_wconf 88' lang='lat' dir='ltr'><strong>jam</strong></span> <span class='ocrx_word' id='word_1_68' title='bbox 312 1999 411 2094; x_wconf 89' lang='lat' dir='ltr'><strong>typis</strong></span> <span class='ocrx_word' id='word_1_69' title='bbox 428 1998 616 2093; x_wconf 88' lang='lat' dir='ltr'><strong>impressa.</strong></span> <span class='ocrx_word' id='word_1_70' title='bbox 663 1999 800 2070; x_wconf 88' lang='lat' dir='ltr'><strong>Omnia</strong></span> <span class='ocrx_word' id='word_1_71' title='bbox 822 2008 945 2070; x_wconf 90' lang='lat' dir='ltr'><strong>tamen</strong></span> <span class='ocrx_word' id='word_1_72' title='bbox 968 2001 1060 2070; x_wconf 90' lang='lat' dir='ltr'><strong>haec</strong></span> <span class='ocrx_word' id='word_1_73' title='bbox 1082 1999 1242 2072; x_wconf 92' lang='lat' dir='ltr'><strong>multum</strong></span> <span class='ocrx_word' id='word_1_74' title='bbox 1265 2001 1324 2072; x_wconf 91' lang='lat' dir='ltr'><strong>hi-</strong></span> 
     </span>
     <span class='ocr_line' id='line_1_13' title="bbox 150 2117 1323 2212; baseline 0 -22"><span class='ocrx_word' id='word_1_75' title='bbox 150 2117 308 2190; x_wconf 87' lang='lat' dir='ltr'><strong>bernicis</strong></span> <span class='ocrx_word' id='word_1_76' title='bbox 333 2127 569 2211; x_wconf 85' lang='lat' dir='ltr'><strong>superantur,</strong></span> <span class='ocrx_word' id='word_1_77' title='bbox 605 2119 681 2191; x_wconf 90' lang='lat' dir='ltr'><strong>sive</strong></span> <span class='ocrx_word' id='word_1_78' title='bbox 709 2119 867 2190; x_wconf 90' lang='lat' dir='ltr'><strong>habetur</strong></span> <span class='ocrx_word' id='word_1_79' title='bbox 891 2117 1017 2212; x_wconf 89' lang='lat' dir='ltr'><strong>copiae</strong></span> <span class='ocrx_word' id='word_1_80' title='bbox 1040 2117 1133 2190; x_wconf 86' lang='lat' dir='ltr'><strong>ratio</strong></span> <span class='ocrx_word' id='word_1_81' title='bbox 1159 2118 1234 2190; x_wconf 87' lang='lat' dir='ltr'><strong>sive</strong></span> <span class='ocrx_word' id='word_1_82' title='bbox 1258 2121 1323 2190; x_wconf 91' lang='lat' dir='ltr'><strong>do-</strong></span> 
     </span>
     <span class='ocr_line' id='line_1_14' title="bbox 149 2235 1316 2331; baseline 0.001 -24"><span class='ocrx_word' id='word_1_83' title='bbox 149 2235 290 2307; x_wconf 90' lang='lat' dir='ltr'><strong>ctrinae</strong></span> <span class='ocrx_word' id='word_1_84' title='bbox 322 2243 359 2307; x_wconf 92' lang='lat' dir='ltr'><strong>et</strong></span> <span class='ocrx_word' id='word_1_85' title='bbox 389 2236 601 2331; x_wconf 83' lang='lat' dir='ltr'><strong>scripturae,</strong></span> <span class='ocrx_word' id='word_1_86' title='bbox 641 2261 736 2330; x_wconf 91' lang='lat' dir='ltr'><strong>quae</strong></span> <span class='ocrx_word' id='word_1_87' title='bbox 766 2237 806 2308; x_wconf 93' lang='lat' dir='ltr'><strong>in</strong></span> <span class='ocrx_word' id='word_1_88' title='bbox 837 2236 1059 2329; x_wconf 88' lang='lat' dir='ltr'><strong>quibusdam</strong></span> <span class='ocrx_word' id='word_1_89' title='bbox 1083 2245 1138 2308; x_wconf 89' lang='lat' dir='ltr'><strong>est</strong></span> <span class='ocrx_word' id='word_1_90' title='bbox 1160 2235 1316 2330; x_wconf 85' lang='lat' dir='ltr'><strong>impura,</strong></span> 
     </span>
     <span class='ocr_line' id='line_1_15' title="bbox 147 2353 1323 2451; baseline 0 -25"><span class='ocrx_word' id='word_1_91' title='bbox 147 2355 322 2435; x_wconf 89' lang='lat' dir='ltr'><strong>barbara,</strong></span> <span class='ocrx_word' id='word_1_92' title='bbox 359 2355 525 2446; x_wconf 81' lang='lat' dir='ltr'><strong>quamvis</strong></span> <span class='ocrx_word' id='word_1_93' title='bbox 548 2355 699 2451; x_wconf 87' lang='lat' dir='ltr'><strong>linguae</strong></span> <span class='ocrx_word' id='word_1_94' title='bbox 724 2353 926 2426; x_wconf 80' lang='lat' dir='ltr'><strong>cambrione</strong></span> <span class='ocrx_word' id='word_1_95' title='bbox 948 2355 1064 2450; x_wconf 90' lang='lat' dir='ltr'><strong>ipsius</strong></span> <span class='ocrx_word' id='word_1_96' title='bbox 1094 2354 1323 2427; x_wconf 87' lang='lat' dir='ltr'><strong>animadver-</strong></span> 
     </span>
     <span class='ocr_line' id='line_1_16' title="bbox 149 2473 1322 2570; baseline 0 -26"><span class='ocrx_word' id='word_1_97' title='bbox 149 2473 240 2546; x_wconf 91' lang='lat' dir='ltr'><strong>titur</strong></span> <span class='ocrx_word' id='word_1_98' title='bbox 258 2473 437 2544; x_wconf 89' lang='lat' dir='ltr'><strong>vetustior</strong></span> <span class='ocrx_word' id='word_1_99' title='bbox 452 2475 593 2567; x_wconf 84' lang='lat' dir='ltr'><strong>puritas</strong></span> <span class='ocrx_word' id='word_1_100' title='bbox 612 2484 649 2546; x_wconf 90' lang='lat' dir='ltr'><strong>ct</strong></span> <span class='ocrx_word' id='word_1_101' title='bbox 662 2473 834 2570; x_wconf 86' lang='lat' dir='ltr'><strong>gravitas.</strong></span> <span class='ocrx_word' id='word_1_102' title='bbox 865 2473 1094 2555; x_wconf 68' lang='lat' dir='ltr'><strong>Poematum</strong></span> <span class='ocrx_word' id='word_1_103' title='bbox 1113 2475 1322 2546; x_wconf 86' lang='lat' dir='ltr'><strong>chartarum</strong></span> 
     </span>
     <span class='ocr_line' id='line_1_17' title="bbox 147 2591 1321 2688; baseline 0 -26"><span class='ocrx_word' id='word_1_104' title='bbox 147 2591 420 2663; x_wconf 88' lang='lat' dir='ltr'><strong>continentium</strong></span> <span class='ocrx_word' id='word_1_105' title='bbox 439 2617 609 2688; x_wconf 87' lang='lat' dir='ltr'><strong>agrorum</strong></span> <span class='ocrx_word' id='word_1_106' title='bbox 628 2593 685 2665; x_wconf 90' lang='lat' dir='ltr'><strong>vel</strong></span> <span class='ocrx_word' id='word_1_107' title='bbox 703 2592 835 2664; x_wconf 90' lang='lat' dir='ltr'><strong>finium</strong></span> <span class='ocrx_word' id='word_1_108' title='bbox 853 2591 1114 2685; x_wconf 88' lang='lat' dir='ltr'><strong>descriptiones</strong></span> <span class='ocrx_word' id='word_1_109' title='bbox 1133 2600 1244 2683; x_wconf 88' lang='lat' dir='ltr'><strong>atque</strong></span> <span class='ocrx_word' id='word_1_110' title='bbox 1268 2591 1321 2662; x_wconf 94' lang='lat' dir='ltr'><strong>le-</strong></span> 
     </span>
     <span class='ocr_line' id='line_1_18' title="bbox 147 2709 1321 2808; baseline 0.003 -27"><span class='ocrx_word' id='word_1_111' title='bbox 147 2735 238 2805; x_wconf 89' lang='lat' dir='ltr'><strong>gum</strong></span> <span class='ocrx_word' id='word_1_112' title='bbox 258 2710 525 2784; x_wconf 89' lang='lat' dir='ltr'><strong>cambricarum</strong></span> <span class='ocrx_word' id='word_1_113' title='bbox 549 2733 644 2803; x_wconf 92' lang='lat' dir='ltr'><strong>quae</strong></span> <span class='ocrx_word' id='word_1_114' title='bbox 670 2721 756 2784; x_wconf 88' lang='lat' dir='ltr'><strong>sunt</strong></span> <span class='ocrx_word' id='word_1_115' title='bbox 780 2711 945 2808; x_wconf 88' lang='lat' dir='ltr'><strong>ejusdem</strong></span> <span class='ocrx_word' id='word_1_116' title='bbox 973 2709 1104 2781; x_wconf 85' lang='lat' dir='ltr'><strong>aet‘atis</strong></span> <span class='ocrx_word' id='word_1_117' title='bbox 1131 2711 1190 2781; x_wconf 91' lang='lat' dir='ltr'><strong>vel</strong></span> <span class='ocrx_word' id='word_1_118' title='bbox 1216 2718 1321 2784; x_wconf 91' lang='lat' dir='ltr'><strong>vetu-</strong></span> 
     </span>
     <span class='ocr_line' id='line_1_19' title="bbox 146 2826 1321 2924; baseline 0 -24"><span class='ocrx_word' id='word_1_119' title='bbox 146 2827 267 2900; x_wconf 88' lang='lat' dir='ltr'><strong>stioris</strong></span> <span class='ocrx_word' id='word_1_120' title='bbox 297 2829 358 2900; x_wconf 88' lang='lat' dir='ltr'><strong>vel</strong></span> <span class='ocrx_word' id='word_1_121' title='bbox 388 2829 500 2900; x_wconf 89' lang='lat' dir='ltr'><strong>etiam</strong></span> <span class='ocrx_word' id='word_1_122' title='bbox 529 2829 641 2924; x_wconf 86' lang='lat' dir='ltr'><strong>paulo</strong></span> <span class='ocrx_word' id='word_1_123' title='bbox 676 2829 907 2912; x_wconf 78' lang='lat' dir='ltr'><strong>recentioris,</strong></span> <span class='ocrx_word' id='word_1_124' title='bbox 948 2851 1024 2898; x_wconf 94' lang='lat' dir='ltr'><strong>non</strong></span> <span class='ocrx_word' id='word_1_125' title='bbox 1056 2826 1096 2898; x_wconf 94' lang='lat' dir='ltr'><strong>in</strong></span> <span class='ocrx_word' id='word_1_126' title='bbox 1135 2827 1321 2900; x_wconf 90' lang='lat' dir='ltr'><strong>codicibus</strong></span> 
     </span>
     <span class='ocr_line' id='line_1_20' title="bbox 146 2945 1321 3043; baseline -0.003 -24"><span class='ocrx_word' id='word_1_127' title='bbox 146 2946 367 3039; x_wconf 85' lang='lat' dir='ltr'><strong>aequalibus</strong></span> <span class='ocrx_word' id='word_1_128' title='bbox 384 2947 528 3043; x_wconf 88' lang='lat' dir='ltr'><strong>scriptis</strong></span> <span class='ocrx_word' id='word_1_129' title='bbox 552 2973 595 3020; x_wconf 93' lang='lat' dir='ltr'><strong>eo</strong></span> <span class='ocrx_word' id='word_1_130' title='bbox 619 2957 798 3042; x_wconf 89' lang='lat' dir='ltr'><strong>tempore,</strong></span> <span class='ocrx_word' id='word_1_131' title='bbox 828 2971 902 3040; x_wconf 88' lang='lat' dir='ltr'><strong>quo</strong></span> <span class='ocrx_word' id='word_1_132' title='bbox 925 2953 1005 3019; x_wconf 89' lang='lat' dir='ltr'><strong>orta</strong></span> <span class='ocrx_word' id='word_1_133' title='bbox 1031 2951 1118 3017; x_wconf 88' lang='lat' dir='ltr'><strong>sunt</strong></span> <span class='ocrx_word' id='word_1_134' title='bbox 1140 2945 1220 3040; x_wconf 87' lang='lat' dir='ltr'><strong>ipsa</strong></span> <span class='ocrx_word' id='word_1_135' title='bbox 1243 2970 1321 3016; x_wconf 92' lang='lat' dir='ltr'><strong>mo-</strong></span> 
     </span>
     <span class='ocr_line' id='line_1_21' title="bbox 146 3063 1320 3159; baseline 0 -23"><span class='ocrx_word' id='word_1_136' title='bbox 146 3073 328 3136; x_wconf 90' lang='lat' dir='ltr'><strong>numenta</strong></span> <span class='ocrx_word' id='word_1_137' title='bbox 363 3065 473 3159; x_wconf 86' lang='lat' dir='ltr'><strong>(quos</strong></span> <span class='ocrx_word' id='word_1_138' title='bbox 503 3066 596 3138; x_wconf 88' lang='lat' dir='ltr'><strong>solos</strong></span> <span class='ocrx_word' id='word_1_139' title='bbox 626 3067 767 3140; x_wconf 87' lang='lat' dir='ltr'><strong>codices</strong></span> <span class='ocrx_word' id='word_1_140' title='bbox 797 3064 942 3158; x_wconf 89' lang='lat' dir='ltr'><strong>quaerit</strong></span> <span class='ocrx_word' id='word_1_141' title='bbox 969 3063 1120 3159; x_wconf 84' lang='lat' dir='ltr'><strong>linguae</strong></span> <span class='ocrx_word' id='word_1_142' title='bbox 1156 3071 1320 3136; x_wconf 87' lang='lat' dir='ltr'><strong>vetustae</strong></span> 
     </span>
     <span class='ocr_line' id='line_1_22' title="bbox 145 3183 1321 3280; baseline 0.004 -26"><span class='ocrx_word' id='word_1_143' title='bbox 145 3183 367 3280; x_wconf 84' lang='lat' dir='ltr'><strong>indagator),</strong></span> <span class='ocrx_word' id='word_1_144' title='bbox 389 3191 532 3258; x_wconf 88' lang='lat' dir='ltr'><strong>servata</strong></span> <span class='ocrx_word' id='word_1_145' title='bbox 549 3193 647 3269; x_wconf 90' lang='lat' dir='ltr'><strong>sunt,</strong></span> <span class='ocrx_word' id='word_1_146' title='bbox 665 3185 787 3257; x_wconf 90' lang='lat' dir='ltr'><strong>sedin</strong></span> <span class='ocrx_word' id='word_1_147' title='bbox 804 3183 1067 3257; x_wconf 92' lang='lat' dir='ltr'><strong>recentioribus</strong></span> <span class='ocrx_word' id='word_1_148' title='bbox 1086 3183 1321 3277; x_wconf 80' lang='lat' dir='ltr'><strong>transscripta</strong></span> 
     </span>
     <span class='ocr_line' id='line_1_23' title="bbox 144 3300 1320 3398; baseline 0 -24"><span class='ocrx_word' id='word_1_149' title='bbox 144 3311 183 3374; x_wconf 91' lang='lat' dir='ltr'><strong>et</strong></span> <span class='ocrx_word' id='word_1_150' title='bbox 209 3300 468 3376; x_wconf 85' lang='lat' dir='ltr'><strong>transformata</strong></span> <span class='ocrx_word' id='word_1_151' title='bbox 491 3303 744 3375; x_wconf 88' lang='lat' dir='ltr'><strong>inveniuntur.</strong></span> <span class='ocrx_word' id='word_1_152' title='bbox 790 3303 1003 3374; x_wconf 90' lang='lat' dir='ltr'><strong>Armoricae</strong></span> <span class='ocrx_word' id='word_1_153' title='bbox 1034 3309 1199 3376; x_wconf 88' lang='lat' dir='ltr'><strong>vetustae</strong></span> <span class='ocrx_word' id='word_1_154' title='bbox 1223 3302 1320 3398; x_wconf 87' lang='lat' dir='ltr'><strong>glos-</strong></span> 
     </span>
     <span class='ocr_line' id='line_1_24' title="bbox 143 3420 1320 3516; baseline -0.001 -23"><span class='ocrx_word' id='word_1_155' title='bbox 143 3445 206 3493; x_wconf 89' lang='lat' dir='ltr'><strong>sae</strong></span> <span class='ocrx_word' id='word_1_156' title='bbox 230 3421 291 3493; x_wconf 92' lang='lat' dir='ltr'><strong>vel</strong></span> <span class='ocrx_word' id='word_1_157' title='bbox 313 3421 508 3494; x_wconf 88' lang='lat' dir='ltr'><strong>relationes</strong></span> <span class='ocrx_word' id='word_1_158' title='bbox 532 3422 681 3493; x_wconf 88' lang='lat' dir='ltr'><strong>omnino</strong></span> <span class='ocrx_word' id='word_1_159' title='bbox 705 3423 839 3494; x_wconf 86' lang='lat' dir='ltr'><strong>desunt</strong></span> <span class='ocrx_word' id='word_1_160' title='bbox 864 3421 1030 3516; x_wconf 85' lang='lat' dir='ltr'><strong>(excepta</strong></span> <span class='ocrx_word' id='word_1_161' title='bbox 1052 3445 1129 3493; x_wconf 90' lang='lat' dir='ltr'><strong>una</strong></span> <span class='ocrx_word' id='word_1_162' title='bbox 1151 3420 1231 3516; x_wconf 83' lang='lat' dir='ltr'><strong>agri</strong></span> <span class='ocrx_word' id='word_1_163' title='bbox 1255 3423 1320 3492; x_wconf 90' lang='lat' dir='ltr'><strong>de-</strong></span> 
     </span>
     <span class='ocr_line' id='line_1_25' title="bbox 143 3539 1320 3635; baseline 0 -25"><span class='ocrx_word' id='word_1_164' title='bbox 143 3539 344 3634; x_wconf 88' lang='lat' dir='ltr'><strong>scriptione</strong></span> <span class='ocrx_word' id='word_1_165' title='bbox 372 3540 476 3612; x_wconf 88' lang='lat' dir='ltr'><strong>brevi</strong></span> <span class='ocrx_word' id='word_1_166' title='bbox 500 3539 541 3610; x_wconf 93' lang='lat' dir='ltr'><strong>in</strong></span> <span class='ocrx_word' id='word_1_167' title='bbox 566 3541 694 3612; x_wconf 88' lang='lat' dir='ltr'><strong>charta</strong></span> <span class='ocrx_word' id='word_1_168' title='bbox 716 3564 751 3611; x_wconf 86' lang='lat' dir='ltr'><strong>a.</strong></span> <span class='ocrx_word' id='word_1_169' title='bbox 774 3540 867 3626; x_wconf 85' lang='lat'>821;</span> <span class='ocrx_word' id='word_1_170' title='bbox 897 3539 945 3610; x_wconf 88' lang='lat' dir='ltr'><strong>cf.</strong></span> <span class='ocrx_word' id='word_1_171' title='bbox 974 3565 1012 3634; x_wconf 94' lang='lat' dir='ltr'><strong>p.</strong></span> <span class='ocrx_word' id='word_1_172' title='bbox 1036 3540 1141 3635; x_wconf 81' lang='lat'>627),</span> <span class='ocrx_word' id='word_1_173' title='bbox 1173 3541 1237 3612; x_wconf 88' lang='lat' dir='ltr'><strong>sed</strong></span> <span class='ocrx_word' id='word_1_174' title='bbox 1255 3563 1320 3611; x_wconf 85' lang='lat' dir='ltr'><strong>ex-</strong></span> 
     </span>
     <span class='ocr_line' id='line_1_26' title="bbox 143 3657 1319 3754; baseline 0.002 -26"><span class='ocrx_word' id='word_1_175' title='bbox 143 3667 245 3730; x_wconf 83' lang='lat' dir='ltr'><strong>stant</strong></span> <span class='ocrx_word' id='word_1_176' title='bbox 263 3659 487 3730; x_wconf 79' lang='lat' dir='ltr'><strong>chartulario</strong></span> <span class='ocrx_word' id='word_1_177' title='bbox 504 3659 807 3732; x_wconf 83' lang='lat' dir='ltr'><strong>monasteriorum</strong></span> <span class='ocrx_word' id='word_1_178' title='bbox 825 3683 996 3754; x_wconf 85' lang='lat' dir='ltr'><strong>magnam</strong></span> <span class='ocrx_word' id='word_1_179' title='bbox 1020 3657 1211 3729; x_wconf 90' lang='lat' dir='ltr'><strong>nominum</strong></span> <span class='ocrx_word' id='word_1_180' title='bbox 1235 3681 1319 3751; x_wconf 90' lang='lat' dir='ltr'><strong>pro-</strong></span> 
     </span>
     <span class='ocr_line' id='line_1_27' title="bbox 144 3775 1318 3871; baseline 0.001 -24"><span class='ocrx_word' id='word_1_181' title='bbox 144 3777 310 3870; x_wconf 88' lang='lat' dir='ltr'><strong>priorum</strong></span> <span class='ocrx_word' id='word_1_182' title='bbox 327 3777 543 3870; x_wconf 88' lang='lat' dir='ltr'><strong>praesertim</strong></span> <span class='ocrx_word' id='word_1_183' title='bbox 567 3777 729 3850; x_wconf 81' lang='lat' dir='ltr'><strong>virorum</strong></span> <span class='ocrx_word' id='word_1_184' title='bbox 746 3777 889 3871; x_wconf 85' lang='lat' dir='ltr'><strong>copiam</strong></span> <span class='ocrx_word' id='word_1_185' title='bbox 908 3777 1135 3848; x_wconf 90' lang='lat' dir='ltr'><strong>continentia</strong></span> <span class='ocrx_word' id='word_1_186' title='bbox 1153 3775 1194 3848; x_wconf 88' lang='lat' dir='ltr'><strong>in</strong></span> <span class='ocrx_word' id='word_1_187' title='bbox 1213 3777 1318 3848; x_wconf 89' lang='lat' dir='ltr'><strong>char-</strong></span> 
     </span>
     <span class='ocr_line' id='line_1_28' title="bbox 145 3884 1318 3990; baseline 0 -24"><span class='ocrx_word' id='word_1_188' title='bbox 145 3895 192 3966; x_wconf 87' lang='lat' dir='ltr'><strong>tis</strong></span> <span class='ocrx_word' id='word_1_189' title='bbox 210 3895 308 3966; x_wconf 90' lang='lat' dir='ltr'><strong>datis</strong></span> <span class='ocrx_word' id='word_1_190' title='bbox 325 3895 412 3966; x_wconf 91' lang='lat' dir='ltr'><strong>inde</strong></span> <span class='ocrx_word' id='word_1_191' title='bbox 431 3921 453 3967; x_wconf 89' lang='lat' dir='ltr'><strong>a</strong></span> <span class='ocrx_word' id='word_1_192' title='bbox 470 3896 616 3968; x_wconf 90' lang='lat' dir='ltr'><strong>saeculo</strong></span> <span class='ocrx_word' id='word_1_193' title='bbox 634 3919 749 3979; x_wconf 87' lang='lat' dir='ltr'><strong>nono,</strong></span> <span class='ocrx_word' id='word_1_194' title='bbox 778 3919 825 3967; x_wconf 86' lang='lat' dir='ltr'><strong>ex</strong></span> <span class='ocrx_word' id='word_1_195' title='bbox 849 3905 953 3988; x_wconf 91' lang='lat' dir='ltr'><strong>parte</strong></span> <span class='ocrx_word' id='word_1_196' title='bbox 972 3884 1231 3990; x_wconf 67' lang='lat' dir='ltr'><strong>tantum&#39;typis</strong></span> <span class='ocrx_word' id='word_1_197' title='bbox 1249 3894 1318 3966; x_wconf 89' lang='lat' dir='ltr'><strong>im-</strong></span> 
     </span>
     <span class='ocr_line' id='line_1_29' title="bbox 143 4013 1312 4108; baseline -0.002 -24"><span class='ocrx_word' id='word_1_198' title='bbox 143 4037 280 4106; x_wconf 87' lang='lat' dir='ltr'><strong>pressa.</strong></span> <span class='ocrx_word' id='word_1_199' title='bbox 329 4013 435 4094; x_wconf 85' lang='lat' dir='ltr'><strong>Quae</strong></span> <span class='ocrx_word' id='word_1_200' title='bbox 459 4023 503 4086; x_wconf 93' lang='lat' dir='ltr'><strong>ut</strong></span> <span class='ocrx_word' id='word_1_201' title='bbox 525 4013 635 4108; x_wconf 87' lang='lat' dir='ltr'><strong>plene</strong></span> <span class='ocrx_word' id='word_1_202' title='bbox 654 4023 692 4086; x_wconf 91' lang='lat' dir='ltr'><strong>et</strong></span> <span class='ocrx_word' id='word_1_203' title='bbox 708 4013 918 4108; x_wconf 88' lang='lat' dir='ltr'><strong>incorrupte</strong></span> <span class='ocrx_word' id='word_1_204' title='bbox 941 4013 1083 4108; x_wconf 89' lang='lat' dir='ltr'><strong>publici</strong></span> <span class='ocrx_word' id='word_1_205' title='bbox 1096 4013 1191 4106; x_wconf 89' lang='lat' dir='ltr'><strong>juris</strong></span> <span class='ocrx_word' id='word_1_206' title='bbox 1209 4013 1312 4094; x_wconf 86' lang='lat' dir='ltr'><strong>fiant,</strong></span> 
     </span>
     <span class='ocr_line' id='line_1_30' title="bbox 144 4130 1318 4228; baseline -0.003 -24"><span class='ocrx_word' id='word_1_207' title='bbox 144 4143 199 4204; x_wconf 90' lang='lat' dir='ltr'><strong>est</strong></span> <span class='ocrx_word' id='word_1_208' title='bbox 217 4157 441 4227; x_wconf 87' lang='lat' dir='ltr'><strong>magnopere</strong></span> <span class='ocrx_word' id='word_1_209' title='bbox 459 4135 676 4228; x_wconf 87' lang='lat' dir='ltr'><strong>optandum.</strong></span> <span class='ocrx_word' id='word_1_210' title='bbox 718 4133 916 4204; x_wconf 90' lang='lat' dir='ltr'><strong>Cornicum</strong></span> <span class='ocrx_word' id='word_1_211' title='bbox 933 4130 1222 4204; x_wconf 88' lang='lat' dir='ltr'><strong>vetustissimum</strong></span> <span class='ocrx_word' id='word_1_212' title='bbox 1240 4154 1318 4201; x_wconf 84' lang='lat' dir='ltr'><strong>mo-</strong></span> 
     </span>
     <span class='ocr_line' id='line_1_31' title="bbox 144 4245 1313 4329; baseline -0.003 -6"><span class='ocrx_word' id='word_1_213' title='bbox 144 4263 366 4323; x_wconf 90' lang='lat' dir='ltr'><strong>numentum</strong></span> <span class='ocrx_word' id='word_1_214' title='bbox 385 4261 440 4323; x_wconf 91' lang='lat' dir='ltr'><strong>est</strong></span> <span class='ocrx_word' id='word_1_215' title='bbox 451 4251 739 4324; x_wconf 89' lang='lat' dir='ltr'><strong>Vocabularium</strong></span> <span class='ocrx_word' id='word_1_216' title='bbox 751 4249 888 4322; x_wconf 87' lang='lat' dir='ltr'><strong>saeculi</strong></span> <span class='ocrx_word' id='word_1_217' title='bbox 901 4250 1045 4322; x_wconf 89' lang='lat' dir='ltr'><strong>circiter</strong></span> <span class='ocrx_word' id='word_1_218' title='bbox 1054 4245 1153 4320; x_wconf 87' lang='lat' dir='ltr'><strong>tertii</strong></span> <span class='ocrx_word' id='word_1_219' title='bbox 1167 4248 1313 4329; x_wconf 85' lang='lat' dir='ltr'><strong>decimi,</strong></span> 
     </span>
     <span class='ocr_line' id='line_1_32' title="bbox 145 4367 1318 4465; baseline -0.001 -24"><span class='ocrx_word' id='word_1_220' title='bbox 145 4370 323 4441; x_wconf 83' lang='lat' dir='ltr'><strong>londinii</strong></span> <span class='ocrx_word' id='word_1_221' title='bbox 341 4379 578 4443; x_wconf 84' lang='lat' dir='ltr'><strong>asservatum.</strong></span> <span class='ocrx_word' id='word_1_222' title='bbox 627 4371 673 4442; x_wconf 89' lang='lat' dir='ltr'><strong>Iu</strong></span> <span class='ocrx_word' id='word_1_223' title='bbox 697 4371 755 4441; x_wconf 89' lang='lat' dir='ltr'><strong>his</strong></span> <span class='ocrx_word' id='word_1_224' title='bbox 779 4394 866 4465; x_wconf 86' lang='lat' dir='ltr'><strong>ergo</strong></span> <span class='ocrx_word' id='word_1_225' title='bbox 884 4369 999 4464; x_wconf 88' lang='lat' dir='ltr'><strong>major</strong></span> <span class='ocrx_word' id='word_1_226' title='bbox 1023 4367 1135 4439; x_wconf 89' lang='lat' dir='ltr'><strong>etiam</strong></span> <span class='ocrx_word' id='word_1_227' title='bbox 1153 4367 1318 4440; x_wconf 85' lang='lat' dir='ltr'><strong>animad-</strong></span> 
     </span>
     <span class='ocr_line' id='line_1_33' title="bbox 146 4488 486 4582; baseline -0.003 -22"><span class='ocrx_word' id='word_1_228' title='bbox 146 4489 301 4560; x_wconf 89' lang='lat' dir='ltr'><strong>vertitur</strong></span> <span class='ocrx_word' id='word_1_229' title='bbox 318 4488 486 4582; x_wconf 85' lang='lat' dir='ltr'><strong>penuria.</strong></span> 
     </span>
    </p>
   </div>
   <div class='ocr_carea' id='block_1_6' title="bbox 0 0 1606 5084">
    <p class='ocr_par' dir='ltr' id='par_1_6' title="bbox 0 0 1606 5084">
     <span class='ocr_line' id='line_1_34' title="bbox 0 0 1606 5084; baseline 0 2"><span class='ocrx_word' id='word_1_230' title='bbox 0 0 1606 5084; x_wconf 95' lang='lat' dir='ltr'><strong> </strong></span> 
     </span>
    </p>
   </div>
  </div>
 </body>
</html>
