3232 5074
298 381 361 442 412
585 381 652 444 ΠΙ.
680 389 709 444 1.
754 401 901 444 sas-rm
916 401 1173 446 vnanrcnnrrcr.

295 549 502 624 cundaria,
520 547 698 612 differentia
718 533 994 614 termmitiombus
1013 571 1222 634 personarum
1234 561 1267 612 et
1281 571 1354 612 usu.
1387 549 1467 612 Tria

296 653 445 737 primaria
466 653 611 716 indicant
629 655 744 732 solum,
762 655 784 716 i.
804 677 833 717 c.
851 656 1015 718 indicativi
1036 677 1167 718 oensum
1187 677 1262 739 prae
1284 676 1318 717 sc
1332 656 1462 731 scrunt;

296 759 358 821 tria
375 759 561 822 secundaria
574 781 642 822 non
655 761 759 824 solum
773 759 929 835 indicant,
946 762 1158 843 comparanda
1172 760 1207 822 in
1221 760 1281 822 bac
1296 760 1465 823 fimetione

295 863 482 946 pracsertim
503 885 578 926 cnm
597 865 802 949 temporibus,
819 887 902 948 quae
921 887 941 927 a
957 865 1172 948 grammaticis
1186 864 1296 927 latinis
1310 865 1465 927 dicunnrr

295 969 526 1052 imperfectum,
545 970 891 1053 plusquamperfectum
911 981 945 1033 et
957 971 1102 1032 futurum
1117 981 1276 1045 anonam,
1294 971 1351 1032 sed
1365 969 1464 1032 etiam

295 1073 330 1136 in
352 1073 577 1157 conjunctione
598 1087 631 1137 ct
651 1074 834 1137 conditione
854 1075 1057 1150 adhrbcntrrr,
1074 1075 1098 1136 i.
1116 1097 1145 1137 e.
1162 1075 1197 1136 in
1217 1075 1327 1136 eadem
1347 1074 1460 1151 forma,

294 1201 391 1262 quam
410 1179 541 1242 exhibet
560 1179 764 1255 indicativus,
781 1179 879 1242 etiam
898 1179 1094 1262 conjunctivi
1108 1191 1141 1242 ct
1154 1181 1377 1244 conditionalis
1392 1182 1463 1244 vice

293 1284 485 1368 funguntur.
516 1283 749 1366 conjunctivus
769 1287 883 1348 modus
904 1285 1073 1368 peculiaris
1094 1284 1129 1346 in
1150 1296 1276 1348 vetusta
1298 1287 1463 1350 hibernica

294 1387 406 1472 linguis
426 1399 532 1451 exstat
551 1388 587 1450 in
608 1399 747 1473 tempore
768 1401 934 1474 praesente
954 1399 1081 1452 tantum
1101 1389 1197 1452 activi
1218 1401 1251 1452 et
1272 1391 1391 1474 passivi
1405 1413 1461 1454 vo

293 1494 395 1556 calent
416 1517 438 1556 a
458 1515 514 1576 per
532 1515 739 1576 personamm
761 1495 999 1558 terminationes
1020 1493 1186 1557 exhibens.
1218 1496 1259 1557 In
1280 1496 1461 1578 imperativi

293 1599 402 1664 formis
424 1599 556 1662 senatis
576 1600 769 1664 concordant
787 1601 918 1684 linguae
938 1600 1067 1662 coitione
1088 1619 1163 1661 cum
1177 1599 1260 1676 aliis,
1277 1600 1461 1664 discordant

292 1715 402 1766 autem
423 1703 459 1764 in
486 1703 580 1766 variis
608 1704 885 1768 terminationibus
907 1705 1077 1780 infinitivi,
1101 1703 1158 1786 qui
1179 1715 1228 1766 est
1249 1704 1347 1768 solius
1369 1728 1460 1790 prae-

293 1807 392 1871 sentis
408 1807 515 1885 activi,
532 1821 565 1872 et
580 1811 755 1872 secundum
770 1811 904 1874 sormam
918 1810 1004 1873 vario
1018 1811 1112 1872 modo
1127 1809 1301 1872 derivatam
1315 1821 1349 1872 et
1362 1832 1459 1874 usum

291 1913 355 1976 dici
369 1913 486 1996 poterit
500 1914 736 1977 substantivum
751 1916 885 1978 verbale.
912 1914 1084 1997 Participia
1098 1924 1227 1976 exstant
1241 1915 1358 1997 passivi
1369 1938 1460 1998 prae·
1493 1917 1499 1925 '

293 2017 377 2081 teriti
392 2029 425 2081 et
439 2018 551 2094 futuri,
569 2020 624 2082 sed
638 2019 765 2082 nullum
780 2019 886 2096 activi,
904 2041 945 2082 ne
959 2019 1133 2102 praesentis
1149 2018 1294 2101 quidem3
1318 2033 1397 2082 sunt
1411 2029 1459 2083 ta·
1574 2090 1579 2102 Ι

291 2143 366 2185 men
388 2122 568 2187 hibernicae
589 2135 733 2187 vetustae
754 2125 871 2187 formae
892 2125 1037 2207 propriae
1058 2123 1218 2199 relativae,
1235 2125 1412 2206 praesentis
1427 2137 1460 2188 et

291 2227 392 2290 bituri
415 2229 581 2312 utriusque
603 2229 739 2306 numeri,
758 2249 840 2311 quae
860 2229 925 2292 lere
946 2229 1185 2312 participiorum
1206 2229 1323 2292 horum
1337 2241 1458 2312 tempo-

290 2355 363 2397 rum
383 2333 451 2397 vice
471 2335 662 2417 llmgrmtur.
694 2335 745 2398 De
766 2355 911 2410 numero,
927 2334 1083 2418 personis,
1101 2336 1197 2398 verbo
1218 2334 1321 2398 activo
1342 2334 1459 2398 nansi-

290 2437 356 2501 tivo
370 2449 403 2500 et
417 2439 619 2502 intransitive
634 2439 684 2503 vel
699 2451 824 2515 neutro,
839 2461 920 2522 quae
934 2441 1042 2502 omnia
1057 2451 1134 2502 sunt
1147 2439 1231 2502 utin
1242 2439 1312 2502 aliis
1324 2440 1456 2524 linguis,

290 2563 356 2606 non
372 2554 421 2606 est
435 2545 520 2626 quod
534 2555 701 2608 moneatur
709 2569 719 2619 ;
737 2545 770 2607 id
787 2555 912 2607 tantm
926 2545 1043 2628 poterit
1058 2545 1172 2620 notari,
1190 2555 1308 2607 utnon
1323 2557 1372 2608 est
1385 2567 1459 2629 pro

289 2647 428 2710 nominis
450 2649 577 2732 propria
595 2650 697 2712 forma
718 2649 867 2722 reflexiva
888 2649 1010 2726 celtica,
1028 2671 1094 2713 non
1112 2671 1182 2714 esse
1196 2650 1293 2713 ctiam
1308 2651 1406 2728 verbi,
1425 2663 1460 2715 et

289 2751 446 2816 actionem
472 2754 664 2838 reciprocam
690 2754 823 2818 indicari
851 2765 909 2818 aut
933 2755 1130 2839 pronominis
1153 2755 1246 2818 solita
1266 2755 1367 2819 forma
1387 2756 1459 2839 ejus

289 2879 452 2940 personae,
467 2881 548 2942 quae
559 2859 594 2922 in
605 2882 639 2922 se
650 2860 727 2943 agit,
739 2871 795 2923 aut
805 2859 961 2944 particula
972 2860 1031 2923 im·
1042 2861 1232 2944 praeposita.
1253 2861 1339 2924 Sunt
1348 2883 1456 2943 porro,

289 2973 326 3026 ut
348 2965 489 3041 nomina,
508 2965 605 3028 ctiam
626 2967 721 3028 verba
743 2967 899 3048 quaedam
920 2985 986 3027 non
1008 2965 1135 3028 solitam
1151 2965 1296 3029 flexionis
1311 2965 1458 3048 regulam

288 3069 470 3150 sequentia,
495 3081 559 3132 tam
580 3069 759 3147 hibernica,
783 3091 879 3153 quam
899 3069 1093 3148 britannica,
1117 3071 1201 3134 inter
1221 3091 1302 3154 quae
1322 3071 1458 3134 verbum

288 3174 522 3240 substantivum
543 3197 609 3239 non
630 3177 734 3239 solum
755 3175 927 3238 formarum
949 3177 1004 3240 sed
1026 3175 1123 3239 etiam
1145 3175 1288 3239 radicum
1302 3173 1458 3238 varietate

287 3279 460 3362 praecellit.

372 3383 506 3448 Obtinet
523 3407 580 3469 per
600 3397 742 3470 tempora
761 3399 934 3452 memorata
960 3387 1088 3450 flexio
1109 3386 1353 3470 personalis,
1372 3407 1456 3468 quae

287 3507 446 3570 quamque
472 3509 640 3572 personam
661 3471 788 3575 propi-ia
810 3493 1032 3557 terminatione
1051 3491 1227 3576 significat,
1250 3492 1303 3556 cui
1323 3491 1454 3554 nonnisi

286 3601 362 3654 nota
372 3593 600 3674 pronominalis
611 3596 768 3678 amplians
781 3601 827 3682 (p.
844 3603 919 3681 332)
931 3599 1103 3674 interdum,
1119 3619 1184 3662 non
1195 3618 1371 3682 pronomen
1382 3618 1455 3680 per·

285 3695 393 3758 sonale
407 3695 514 3780 ipsum
535 3699 679 3778 additum
697 3725 778 3786 quae
793 3704 888 3768 flexio
909 3715 958 3768 est
972 3702 1149 3767 eommunis
1165 3702 1315 3766 affinibus
1330 3701 1454 3784 linguis

283 3801 443 3865 omnibus.
467 3803 553 3867 Sunt
567 3817 674 3870 autem
689 3807 781 3872 initia
791 3809 861 3892 jam
874 3808 911 3870 in
925 3807 1058 3872 vetustis
1073 3807 1289 3872 monumentis
1304 3805 1454 3890 propriae

283 3905 450 3990 cujusdam
471 3908 590 3992 linguis
608 3911 727 3978 celticis
749 3913 942 3978 flexionis
965 3911 1270 3998 impersonalis,
1289 3931 1370 3995 quae
1385 3932 1454 3974 ma·

282 4010 331 4094 gis
352 4012 516 4098 magisque
537 4015 675 4082 invaluit
695 4017 730 4081 in
751 4017 893 4084 dialectis
915 4016 1153 4082 recentioribus.
1185 4019 1277 4085 Quae
1291 4015 1387 4079 flexio
1403 4037 1454 4080 so-

283 4115 348 4179 lam
362 4117 494 4182 formam
510 4120 620 4184 tertiae
635 4143 788 4204 personae
803 4123 972 4206 singularis
989 4122 1143 4206 cujusque
1159 4121 1308 4206 temporis
1320 4121 1455 4185 adhibet

282 4221 454 4304 eademque
475 4223 572 4288 etiam
594 4235 713 4290 ceteras
736 4248 885 4308 personas
906 4227 1065 4310 significat
1087 4227 1240 4290 addendis
1254 4247 1364 4290 earum
1379 4249 1455 4310 pro-

282 4325 465 4392 nominibus
488 4330 716 4412 personalibus.
750 4331 803 4394 Fit
823 4332 883 4396 hoo
903 4332 1065 4415 infigendo
1088 4332 1122 4396 in
1142 4343 1269 4396 vetusta
1291 4329 1404 4414 lingua
1419 4343 1454 4394 et

282 4426 315 4490 in
337 4429 462 4510 passivo
484 4444 610 4498 tantum
625 4435 673 4515 (in
694 4435 857 4501 hibernica
871 4438 967 4502 etiam
982 4437 1016 4500 in
1031 4437 1117 4500 verbi
1133 4435 1325 4500 substantivi
1340 4435 1453 4500 formis
